%YAML 1.1
%TAG !u! tag:unity3d.com,2011:
--- !u!1 &8198956341951326288
GameObject:
  m_ObjectHideFlags: 0
  m_CorrespondingSourceObject: {fileID: 0}
  m_PrefabInstance: {fileID: 0}
  m_PrefabAsset: {fileID: 0}
  serializedVersion: 6
  m_Component:
  - component: {fileID: 29499943201365683}
  m_Layer: 0
  m_Name: EA_Env_Pipe_Set_1a_PRE
  m_TagString: Untagged
  m_Icon: {fileID: 0}
  m_NavMeshLayer: 0
  m_StaticEditorFlags: 0
  m_IsActive: 1
--- !u!4 &29499943201365683
Transform:
  m_ObjectHideFlags: 0
  m_CorrespondingSourceObject: {fileID: 0}
  m_PrefabInstance: {fileID: 0}
  m_PrefabAsset: {fileID: 0}
  m_GameObject: {fileID: 8198956341951326288}
  m_LocalRotation: {x: 0, y: 0, z: 0, w: 1}
  m_LocalPosition: {x: 0, y: 0, z: 0}
  m_LocalScale: {x: 1, y: 1, z: 1}
  m_Children:
  - {fileID: 9038979929630330438}
  - {fileID: 8388009205862998387}
  - {fileID: 4332257671553872084}
  - {fileID: 762202087459126798}
  - {fileID: 3549956724412968042}
  - {fileID: 8489495347799232673}
  - {fileID: 259100899089013932}
  - {fileID: 4940148800955891642}
  m_Father: {fileID: 0}
  m_RootOrder: 0
  m_LocalEulerAnglesHint: {x: 0, y: 0, z: 0}
--- !u!1001 &777848312011339476
PrefabInstance:
  m_ObjectHideFlags: 0
  serializedVersion: 2
  m_Modification:
    m_TransformParent: {fileID: 29499943201365683}
    m_Modifications:
    - target: {fileID: 710554178304246775, guid: b882043a970234242ba5732ac0c71c62,
        type: 3}
      propertyPath: m_Enabled
      value: 1
      objectReference: {fileID: 0}
    - target: {fileID: 996381727219820717, guid: b882043a970234242ba5732ac0c71c62,
        type: 3}
      propertyPath: m_Name
      value: EA_Env_Pipe_R_01c_PRE (2)
      objectReference: {fileID: 0}
    - target: {fileID: 1804721262409694834, guid: b882043a970234242ba5732ac0c71c62,
        type: 3}
      propertyPath: m_Enabled
      value: 1
      objectReference: {fileID: 0}
    - target: {fileID: 3745619024516238458, guid: b882043a970234242ba5732ac0c71c62,
        type: 3}
      propertyPath: m_LocalReferencePoint.x
      value: -3.5150235
      objectReference: {fileID: 0}
    - target: {fileID: 3745619024516238458, guid: b882043a970234242ba5732ac0c71c62,
        type: 3}
      propertyPath: m_LocalReferencePoint.y
      value: 2.5842857
      objectReference: {fileID: 0}
    - target: {fileID: 3745619024516238458, guid: b882043a970234242ba5732ac0c71c62,
        type: 3}
      propertyPath: m_LocalReferencePoint.z
      value: -2.7574852
      objectReference: {fileID: 0}
    - target: {fileID: 3745619024516238458, guid: b882043a970234242ba5732ac0c71c62,
        type: 3}
      propertyPath: m_Size
      value: 7.957367
      objectReference: {fileID: 0}
    - target: {fileID: 4289821848678849214, guid: b882043a970234242ba5732ac0c71c62,
        type: 3}
      propertyPath: m_LocalPosition.x
      value: 0.2881713
      objectReference: {fileID: 0}
    - target: {fileID: 4289821848678849214, guid: b882043a970234242ba5732ac0c71c62,
        type: 3}
      propertyPath: m_LocalPosition.y
      value: 30.285536
      objectReference: {fileID: 0}
    - target: {fileID: 4289821848678849214, guid: b882043a970234242ba5732ac0c71c62,
        type: 3}
      propertyPath: m_LocalPosition.z
      value: -0.20292854
      objectReference: {fileID: 0}
    - target: {fileID: 4289821848678849214, guid: b882043a970234242ba5732ac0c71c62,
        type: 3}
      propertyPath: m_LocalRotation.x
      value: -0.00000008940697
      objectReference: {fileID: 0}
    - target: {fileID: 4289821848678849214, guid: b882043a970234242ba5732ac0c71c62,
        type: 3}
      propertyPath: m_LocalRotation.y
      value: -0.00000011920929
      objectReference: {fileID: 0}
    - target: {fileID: 4289821848678849214, guid: b882043a970234242ba5732ac0c71c62,
        type: 3}
      propertyPath: m_LocalRotation.z
      value: 0.70710695
      objectReference: {fileID: 0}
    - target: {fileID: 4289821848678849214, guid: b882043a970234242ba5732ac0c71c62,
        type: 3}
      propertyPath: m_LocalRotation.w
      value: -0.70710665
      objectReference: {fileID: 0}
    - target: {fileID: 4289821848678849214, guid: b882043a970234242ba5732ac0c71c62,
        type: 3}
      propertyPath: m_RootOrder
      value: 4
      objectReference: {fileID: 0}
    - target: {fileID: 4289821848678849214, guid: b882043a970234242ba5732ac0c71c62,
        type: 3}
      propertyPath: m_LocalEulerAnglesHint.x
      value: 0
      objectReference: {fileID: 0}
    - target: {fileID: 4289821848678849214, guid: b882043a970234242ba5732ac0c71c62,
        type: 3}
      propertyPath: m_LocalEulerAnglesHint.y
      value: -90.00001
      objectReference: {fileID: 0}
    - target: {fileID: 4289821848678849214, guid: b882043a970234242ba5732ac0c71c62,
        type: 3}
      propertyPath: m_LocalEulerAnglesHint.z
      value: -90.00001
      objectReference: {fileID: 0}
    - target: {fileID: 6101341892381373373, guid: b882043a970234242ba5732ac0c71c62,
        type: 3}
      propertyPath: m_Enabled
      value: 1
      objectReference: {fileID: 0}
    m_RemovedComponents: []
  m_SourcePrefab: {fileID: 100100000, guid: b882043a970234242ba5732ac0c71c62, type: 3}
--- !u!4 &3549956724412968042 stripped
Transform:
  m_CorrespondingSourceObject: {fileID: 4289821848678849214, guid: b882043a970234242ba5732ac0c71c62,
    type: 3}
  m_PrefabInstance: {fileID: 777848312011339476}
  m_PrefabAsset: {fileID: 0}
--- !u!1001 &2778070476238439894
PrefabInstance:
  m_ObjectHideFlags: 0
  serializedVersion: 2
  m_Modification:
    m_TransformParent: {fileID: 29499943201365683}
    m_Modifications:
    - target: {fileID: 1892931843043903947, guid: a07eeecfc2784cf45887f605d098242b,
        type: 3}
      propertyPath: m_Name
      value: EA_Env_Pipe_Module_1a_PRE (8)
      objectReference: {fileID: 0}
    - target: {fileID: 2411516298119789530, guid: a07eeecfc2784cf45887f605d098242b,
        type: 3}
      propertyPath: m_Enabled
      value: 1
      objectReference: {fileID: 0}
    - target: {fileID: 3179069249272331224, guid: a07eeecfc2784cf45887f605d098242b,
        type: 3}
      propertyPath: m_LocalPosition.x
      value: 0.116998196
      objectReference: {fileID: 0}
    - target: {fileID: 3179069249272331224, guid: a07eeecfc2784cf45887f605d098242b,
        type: 3}
      propertyPath: m_LocalPosition.y
      value: 0.19997215
      objectReference: {fileID: 0}
    - target: {fileID: 3179069249272331224, guid: a07eeecfc2784cf45887f605d098242b,
        type: 3}
      propertyPath: m_LocalPosition.z
      value: -0.08604622
      objectReference: {fileID: 0}
    - target: {fileID: 3179069249272331224, guid: a07eeecfc2784cf45887f605d098242b,
        type: 3}
      propertyPath: m_LocalRotation.x
      value: -0.7071066
      objectReference: {fileID: 0}
    - target: {fileID: 3179069249272331224, guid: a07eeecfc2784cf45887f605d098242b,
        type: 3}
      propertyPath: m_LocalRotation.y
      value: 0.70710695
      objectReference: {fileID: 0}
    - target: {fileID: 3179069249272331224, guid: a07eeecfc2784cf45887f605d098242b,
        type: 3}
      propertyPath: m_LocalRotation.z
      value: 0.00000014901161
      objectReference: {fileID: 0}
    - target: {fileID: 3179069249272331224, guid: a07eeecfc2784cf45887f605d098242b,
        type: 3}
      propertyPath: m_LocalRotation.w
      value: 0
      objectReference: {fileID: 0}
    - target: {fileID: 3179069249272331224, guid: a07eeecfc2784cf45887f605d098242b,
        type: 3}
      propertyPath: m_RootOrder
      value: 3
      objectReference: {fileID: 0}
    - target: {fileID: 3179069249272331224, guid: a07eeecfc2784cf45887f605d098242b,
        type: 3}
      propertyPath: m_LocalEulerAnglesHint.x
      value: 0
      objectReference: {fileID: 0}
    - target: {fileID: 3179069249272331224, guid: a07eeecfc2784cf45887f605d098242b,
        type: 3}
      propertyPath: m_LocalEulerAnglesHint.y
      value: 90.00001
      objectReference: {fileID: 0}
    - target: {fileID: 3179069249272331224, guid: a07eeecfc2784cf45887f605d098242b,
        type: 3}
      propertyPath: m_LocalEulerAnglesHint.z
      value: -90.00001
      objectReference: {fileID: 0}
    - target: {fileID: 3179069249272331224, guid: a07eeecfc2784cf45887f605d098242b,
        type: 3}
      propertyPath: m_LocalScale.y
      value: 0.9999948
      objectReference: {fileID: 0}
    - target: {fileID: 3179069249272331224, guid: a07eeecfc2784cf45887f605d098242b,
        type: 3}
      propertyPath: m_LocalScale.x
      value: 7.4920735
      objectReference: {fileID: 0}
    - target: {fileID: 3315741115361048702, guid: a07eeecfc2784cf45887f605d098242b,
        type: 3}
      propertyPath: m_Enabled
      value: 1
      objectReference: {fileID: 0}
    - target: {fileID: 5336323587158888539, guid: a07eeecfc2784cf45887f605d098242b,
        type: 3}
      propertyPath: m_Enabled
      value: 1
      objectReference: {fileID: 0}
    m_RemovedComponents: []
  m_SourcePrefab: {fileID: 100100000, guid: a07eeecfc2784cf45887f605d098242b, type: 3}
--- !u!4 &762202087459126798 stripped
Transform:
  m_CorrespondingSourceObject: {fileID: 3179069249272331224, guid: a07eeecfc2784cf45887f605d098242b,
    type: 3}
  m_PrefabInstance: {fileID: 2778070476238439894}
  m_PrefabAsset: {fileID: 0}
--- !u!1001 &3339339736436398812
PrefabInstance:
  m_ObjectHideFlags: 0
  serializedVersion: 2
  m_Modification:
    m_TransformParent: {fileID: 29499943201365683}
    m_Modifications:
    - target: {fileID: 1317569703279766024, guid: 38bd2ff9310e1a04fbfbccacb51cdaf9,
        type: 3}
      propertyPath: m_LocalPosition.x
      value: 16.939377
      objectReference: {fileID: 0}
    - target: {fileID: 1317569703279766024, guid: 38bd2ff9310e1a04fbfbccacb51cdaf9,
        type: 3}
      propertyPath: m_LocalPosition.y
      value: 32.80934
      objectReference: {fileID: 0}
    - target: {fileID: 1317569703279766024, guid: 38bd2ff9310e1a04fbfbccacb51cdaf9,
        type: 3}
      propertyPath: m_LocalPosition.z
      value: -5.498252
      objectReference: {fileID: 0}
    - target: {fileID: 1317569703279766024, guid: 38bd2ff9310e1a04fbfbccacb51cdaf9,
        type: 3}
      propertyPath: m_LocalRotation.x
      value: 0
      objectReference: {fileID: 0}
    - target: {fileID: 1317569703279766024, guid: 38bd2ff9310e1a04fbfbccacb51cdaf9,
        type: 3}
      propertyPath: m_LocalRotation.y
      value: 0
      objectReference: {fileID: 0}
    - target: {fileID: 1317569703279766024, guid: 38bd2ff9310e1a04fbfbccacb51cdaf9,
        type: 3}
      propertyPath: m_LocalRotation.z
      value: 0
      objectReference: {fileID: 0}
    - target: {fileID: 1317569703279766024, guid: 38bd2ff9310e1a04fbfbccacb51cdaf9,
        type: 3}
      propertyPath: m_LocalRotation.w
      value: 1
      objectReference: {fileID: 0}
    - target: {fileID: 1317569703279766024, guid: 38bd2ff9310e1a04fbfbccacb51cdaf9,
        type: 3}
      propertyPath: m_RootOrder
      value: 2
      objectReference: {fileID: 0}
    - target: {fileID: 1317569703279766024, guid: 38bd2ff9310e1a04fbfbccacb51cdaf9,
        type: 3}
      propertyPath: m_LocalEulerAnglesHint.x
      value: -4.1480002
      objectReference: {fileID: 0}
    - target: {fileID: 1317569703279766024, guid: 38bd2ff9310e1a04fbfbccacb51cdaf9,
        type: 3}
      propertyPath: m_LocalEulerAnglesHint.y
      value: 0.275
      objectReference: {fileID: 0}
    - target: {fileID: 1317569703279766024, guid: 38bd2ff9310e1a04fbfbccacb51cdaf9,
        type: 3}
      propertyPath: m_LocalEulerAnglesHint.z
      value: -6.946
      objectReference: {fileID: 0}
    - target: {fileID: 1317569703279766024, guid: 38bd2ff9310e1a04fbfbccacb51cdaf9,
        type: 3}
      propertyPath: m_LocalScale.x
      value: 0.9999987
      objectReference: {fileID: 0}
    - target: {fileID: 1536596055355227320, guid: 38bd2ff9310e1a04fbfbccacb51cdaf9,
        type: 3}
      propertyPath: m_Enabled
      value: 1
      objectReference: {fileID: 0}
    - target: {fileID: 2599609920287954971, guid: 38bd2ff9310e1a04fbfbccacb51cdaf9,
        type: 3}
      propertyPath: m_Name
      value: EA_Env_Boiler_1a.002_PRE (5)
      objectReference: {fileID: 0}
    - target: {fileID: 6452482691702864605, guid: 38bd2ff9310e1a04fbfbccacb51cdaf9,
        type: 3}
      propertyPath: m_Enabled
      value: 1
      objectReference: {fileID: 0}
    - target: {fileID: 7661371776616156683, guid: 38bd2ff9310e1a04fbfbccacb51cdaf9,
        type: 3}
      propertyPath: m_Enabled
      value: 1
      objectReference: {fileID: 0}
    m_RemovedComponents: []
  m_SourcePrefab: {fileID: 100100000, guid: 38bd2ff9310e1a04fbfbccacb51cdaf9, type: 3}
--- !u!4 &4332257671553872084 stripped
Transform:
  m_CorrespondingSourceObject: {fileID: 1317569703279766024, guid: 38bd2ff9310e1a04fbfbccacb51cdaf9,
    type: 3}
  m_PrefabInstance: {fileID: 3339339736436398812}
  m_PrefabAsset: {fileID: 0}
--- !u!1001 &3424653568346548084
PrefabInstance:
  m_ObjectHideFlags: 0
  serializedVersion: 2
  m_Modification:
    m_TransformParent: {fileID: 29499943201365683}
    m_Modifications:
    - target: {fileID: 1892931843043903947, guid: a07eeecfc2784cf45887f605d098242b,
        type: 3}
      propertyPath: m_Name
      value: EA_Env_Pipe_Module_1a_PRE (9)
      objectReference: {fileID: 0}
    - target: {fileID: 2411516298119789530, guid: a07eeecfc2784cf45887f605d098242b,
        type: 3}
      propertyPath: m_Enabled
      value: 1
      objectReference: {fileID: 0}
    - target: {fileID: 3179069249272331224, guid: a07eeecfc2784cf45887f605d098242b,
        type: 3}
      propertyPath: m_LocalPosition.x
      value: 0.116998196
      objectReference: {fileID: 0}
    - target: {fileID: 3179069249272331224, guid: a07eeecfc2784cf45887f605d098242b,
        type: 3}
      propertyPath: m_LocalPosition.y
      value: -0.000032424927
      objectReference: {fileID: 0}
    - target: {fileID: 3179069249272331224, guid: a07eeecfc2784cf45887f605d098242b,
        type: 3}
      propertyPath: m_LocalPosition.z
      value: -0.08604622
      objectReference: {fileID: 0}
    - target: {fileID: 3179069249272331224, guid: a07eeecfc2784cf45887f605d098242b,
        type: 3}
      propertyPath: m_LocalRotation.x
      value: -0.7071066
      objectReference: {fileID: 0}
    - target: {fileID: 3179069249272331224, guid: a07eeecfc2784cf45887f605d098242b,
        type: 3}
      propertyPath: m_LocalRotation.y
      value: 0.70710695
      objectReference: {fileID: 0}
    - target: {fileID: 3179069249272331224, guid: a07eeecfc2784cf45887f605d098242b,
        type: 3}
      propertyPath: m_LocalRotation.z
      value: 0.00000014901161
      objectReference: {fileID: 0}
    - target: {fileID: 3179069249272331224, guid: a07eeecfc2784cf45887f605d098242b,
        type: 3}
      propertyPath: m_LocalRotation.w
      value: 0
      objectReference: {fileID: 0}
    - target: {fileID: 3179069249272331224, guid: a07eeecfc2784cf45887f605d098242b,
        type: 3}
      propertyPath: m_RootOrder
      value: 6
      objectReference: {fileID: 0}
    - target: {fileID: 3179069249272331224, guid: a07eeecfc2784cf45887f605d098242b,
        type: 3}
      propertyPath: m_LocalEulerAnglesHint.x
      value: 0
      objectReference: {fileID: 0}
    - target: {fileID: 3179069249272331224, guid: a07eeecfc2784cf45887f605d098242b,
        type: 3}
      propertyPath: m_LocalEulerAnglesHint.y
      value: 90.00001
      objectReference: {fileID: 0}
    - target: {fileID: 3179069249272331224, guid: a07eeecfc2784cf45887f605d098242b,
        type: 3}
      propertyPath: m_LocalEulerAnglesHint.z
      value: -90.00001
      objectReference: {fileID: 0}
    - target: {fileID: 3179069249272331224, guid: a07eeecfc2784cf45887f605d098242b,
        type: 3}
      propertyPath: m_LocalScale.y
      value: 2.3595846
      objectReference: {fileID: 0}
    - target: {fileID: 3179069249272331224, guid: a07eeecfc2784cf45887f605d098242b,
        type: 3}
      propertyPath: m_LocalScale.x
      value: 3.0545218
      objectReference: {fileID: 0}
    - target: {fileID: 3179069249272331224, guid: a07eeecfc2784cf45887f605d098242b,
        type: 3}
      propertyPath: m_LocalScale.z
      value: 2.3596156
      objectReference: {fileID: 0}
    - target: {fileID: 3315741115361048702, guid: a07eeecfc2784cf45887f605d098242b,
        type: 3}
      propertyPath: m_Enabled
      value: 1
      objectReference: {fileID: 0}
    - target: {fileID: 5336323587158888539, guid: a07eeecfc2784cf45887f605d098242b,
        type: 3}
      propertyPath: m_Enabled
      value: 1
      objectReference: {fileID: 0}
    m_RemovedComponents: []
  m_SourcePrefab: {fileID: 100100000, guid: a07eeecfc2784cf45887f605d098242b, type: 3}
--- !u!4 &259100899089013932 stripped
Transform:
  m_CorrespondingSourceObject: {fileID: 3179069249272331224, guid: a07eeecfc2784cf45887f605d098242b,
    type: 3}
  m_PrefabInstance: {fileID: 3424653568346548084}
  m_PrefabAsset: {fileID: 0}
--- !u!1001 &5275256496028213990
PrefabInstance:
  m_ObjectHideFlags: 0
  serializedVersion: 2
  m_Modification:
    m_TransformParent: {fileID: 29499943201365683}
    m_Modifications:
    - target: {fileID: 989550554266557788, guid: a975c00600077ed45b1b7fd964e3a447,
        type: 3}
      propertyPath: m_LocalPosition.x
      value: 0.21185446
      objectReference: {fileID: 0}
    - target: {fileID: 989550554266557788, guid: a975c00600077ed45b1b7fd964e3a447,
        type: 3}
      propertyPath: m_LocalPosition.y
      value: 15.085966
      objectReference: {fileID: 0}
    - target: {fileID: 989550554266557788, guid: a975c00600077ed45b1b7fd964e3a447,
        type: 3}
      propertyPath: m_LocalPosition.z
      value: -0.16361427
      objectReference: {fileID: 0}
    - target: {fileID: 989550554266557788, guid: a975c00600077ed45b1b7fd964e3a447,
        type: 3}
      propertyPath: m_LocalRotation.x
      value: -0
      objectReference: {fileID: 0}
    - target: {fileID: 989550554266557788, guid: a975c00600077ed45b1b7fd964e3a447,
        type: 3}
      propertyPath: m_LocalRotation.y
      value: 0.7071068
      objectReference: {fileID: 0}
    - target: {fileID: 989550554266557788, guid: a975c00600077ed45b1b7fd964e3a447,
        type: 3}
      propertyPath: m_LocalRotation.z
      value: -0
      objectReference: {fileID: 0}
    - target: {fileID: 989550554266557788, guid: a975c00600077ed45b1b7fd964e3a447,
        type: 3}
      propertyPath: m_LocalRotation.w
      value: 0.7071068
      objectReference: {fileID: 0}
    - target: {fileID: 989550554266557788, guid: a975c00600077ed45b1b7fd964e3a447,
        type: 3}
      propertyPath: m_RootOrder
      value: 7
      objectReference: {fileID: 0}
    - target: {fileID: 989550554266557788, guid: a975c00600077ed45b1b7fd964e3a447,
        type: 3}
      propertyPath: m_LocalEulerAnglesHint.x
      value: 0
      objectReference: {fileID: 0}
    - target: {fileID: 989550554266557788, guid: a975c00600077ed45b1b7fd964e3a447,
        type: 3}
      propertyPath: m_LocalEulerAnglesHint.y
      value: 0
      objectReference: {fileID: 0}
    - target: {fileID: 989550554266557788, guid: a975c00600077ed45b1b7fd964e3a447,
        type: 3}
      propertyPath: m_LocalEulerAnglesHint.z
      value: 0
      objectReference: {fileID: 0}
    - target: {fileID: 989550554266557788, guid: a975c00600077ed45b1b7fd964e3a447,
        type: 3}
      propertyPath: m_LocalScale.x
      value: 1.0000104
      objectReference: {fileID: 0}
    - target: {fileID: 989550554266557788, guid: a975c00600077ed45b1b7fd964e3a447,
        type: 3}
      propertyPath: m_LocalScale.z
      value: 1.0000104
      objectReference: {fileID: 0}
    - target: {fileID: 1615473905305407845, guid: a975c00600077ed45b1b7fd964e3a447,
        type: 3}
      propertyPath: m_Enabled
      value: 1
      objectReference: {fileID: 0}
    - target: {fileID: 1658741196049468503, guid: a975c00600077ed45b1b7fd964e3a447,
        type: 3}
      propertyPath: m_Enabled
      value: 1
      objectReference: {fileID: 0}
    - target: {fileID: 4311632344151748572, guid: a975c00600077ed45b1b7fd964e3a447,
        type: 3}
      propertyPath: m_Enabled
      value: 1
      objectReference: {fileID: 0}
    - target: {fileID: 4314676199060123471, guid: a975c00600077ed45b1b7fd964e3a447,
        type: 3}
      propertyPath: m_Name
      value: EA_Env_Pipe_vLong_1b_PRE (10)
      objectReference: {fileID: 0}
    m_RemovedComponents: []
  m_SourcePrefab: {fileID: 100100000, guid: a975c00600077ed45b1b7fd964e3a447, type: 3}
--- !u!4 &4940148800955891642 stripped
Transform:
  m_CorrespondingSourceObject: {fileID: 989550554266557788, guid: a975c00600077ed45b1b7fd964e3a447,
    type: 3}
  m_PrefabInstance: {fileID: 5275256496028213990}
  m_PrefabAsset: {fileID: 0}
--- !u!1001 &7849644661556101764
PrefabInstance:
  m_ObjectHideFlags: 0
  serializedVersion: 2
  m_Modification:
    m_TransformParent: {fileID: 29499943201365683}
    m_Modifications:
    - target: {fileID: 314666754747632923, guid: 142b70d0e129dd149bd4b691cb462d3a,
        type: 3}
      propertyPath: m_Enabled
      value: 1
      objectReference: {fileID: 0}
    - target: {fileID: 846030977389406610, guid: 142b70d0e129dd149bd4b691cb462d3a,
        type: 3}
      propertyPath: m_Enabled
      value: 1
      objectReference: {fileID: 0}
    - target: {fileID: 1767587903899984887, guid: 142b70d0e129dd149bd4b691cb462d3a,
        type: 3}
      propertyPath: m_LocalPosition.x
      value: 6.3280807
      objectReference: {fileID: 0}
    - target: {fileID: 1767587903899984887, guid: 142b70d0e129dd149bd4b691cb462d3a,
        type: 3}
      propertyPath: m_LocalPosition.y
      value: 32.91082
      objectReference: {fileID: 0}
    - target: {fileID: 1767587903899984887, guid: 142b70d0e129dd149bd4b691cb462d3a,
        type: 3}
      propertyPath: m_LocalPosition.z
      value: -5.4236164
      objectReference: {fileID: 0}
    - target: {fileID: 1767587903899984887, guid: 142b70d0e129dd149bd4b691cb462d3a,
        type: 3}
      propertyPath: m_LocalRotation.x
      value: -0.50000006
      objectReference: {fileID: 0}
    - target: {fileID: 1767587903899984887, guid: 142b70d0e129dd149bd4b691cb462d3a,
        type: 3}
      propertyPath: m_LocalRotation.y
      value: -0.49999994
      objectReference: {fileID: 0}
    - target: {fileID: 1767587903899984887, guid: 142b70d0e129dd149bd4b691cb462d3a,
        type: 3}
      propertyPath: m_LocalRotation.z
      value: -0.50000006
      objectReference: {fileID: 0}
    - target: {fileID: 1767587903899984887, guid: 142b70d0e129dd149bd4b691cb462d3a,
        type: 3}
      propertyPath: m_LocalRotation.w
      value: 0.5
      objectReference: {fileID: 0}
    - target: {fileID: 1767587903899984887, guid: 142b70d0e129dd149bd4b691cb462d3a,
        type: 3}
      propertyPath: m_RootOrder
      value: 1
      objectReference: {fileID: 0}
    - target: {fileID: 1767587903899984887, guid: 142b70d0e129dd149bd4b691cb462d3a,
        type: 3}
      propertyPath: m_LocalEulerAnglesHint.x
      value: -89.98
      objectReference: {fileID: 0}
    - target: {fileID: 1767587903899984887, guid: 142b70d0e129dd149bd4b691cb462d3a,
        type: 3}
      propertyPath: m_LocalEulerAnglesHint.y
      value: 0
      objectReference: {fileID: 0}
    - target: {fileID: 1767587903899984887, guid: 142b70d0e129dd149bd4b691cb462d3a,
        type: 3}
      propertyPath: m_LocalEulerAnglesHint.z
      value: -180.00002
      objectReference: {fileID: 0}
    - target: {fileID: 1767587903899984887, guid: 142b70d0e129dd149bd4b691cb462d3a,
        type: 3}
      propertyPath: m_LocalScale.x
      value: 1
      objectReference: {fileID: 0}
    - target: {fileID: 1767587903899984887, guid: 142b70d0e129dd149bd4b691cb462d3a,
        type: 3}
      propertyPath: m_LocalScale.z
      value: 1
      objectReference: {fileID: 0}
    - target: {fileID: 1767587903899984887, guid: 142b70d0e129dd149bd4b691cb462d3a,
        type: 3}
      propertyPath: m_LocalScale.y
      value: 1.3160999
      objectReference: {fileID: 0}
    - target: {fileID: 3376822368477024740, guid: 142b70d0e129dd149bd4b691cb462d3a,
        type: 3}
      propertyPath: m_Name
      value: EA_Env_Pipe_vLong_1c_PRE (4)
      objectReference: {fileID: 0}
    - target: {fileID: 4540720053319025367, guid: 142b70d0e129dd149bd4b691cb462d3a,
        type: 3}
      propertyPath: m_Enabled
      value: 1
      objectReference: {fileID: 0}
    m_RemovedComponents: []
  m_SourcePrefab: {fileID: 100100000, guid: 142b70d0e129dd149bd4b691cb462d3a, type: 3}
--- !u!4 &8388009205862998387 stripped
Transform:
  m_CorrespondingSourceObject: {fileID: 1767587903899984887, guid: 142b70d0e129dd149bd4b691cb462d3a,
    type: 3}
  m_PrefabInstance: {fileID: 7849644661556101764}
  m_PrefabAsset: {fileID: 0}
--- !u!1001 &7878771431060534102
PrefabInstance:
  m_ObjectHideFlags: 0
  serializedVersion: 2
  m_Modification:
    m_TransformParent: {fileID: 29499943201365683}
    m_Modifications:
    - target: {fileID: 314666754747632923, guid: 142b70d0e129dd149bd4b691cb462d3a,
        type: 3}
      propertyPath: m_Enabled
      value: 1
      objectReference: {fileID: 0}
    - target: {fileID: 846030977389406610, guid: 142b70d0e129dd149bd4b691cb462d3a,
        type: 3}
      propertyPath: m_Enabled
      value: 1
      objectReference: {fileID: 0}
    - target: {fileID: 1767587903899984887, guid: 142b70d0e129dd149bd4b691cb462d3a,
        type: 3}
      propertyPath: m_LocalPosition.x
      value: 6.6587005
      objectReference: {fileID: 0}
    - target: {fileID: 1767587903899984887, guid: 142b70d0e129dd149bd4b691cb462d3a,
        type: 3}
      propertyPath: m_LocalPosition.y
      value: 35.9084
      objectReference: {fileID: 0}
    - target: {fileID: 1767587903899984887, guid: 142b70d0e129dd149bd4b691cb462d3a,
        type: 3}
      propertyPath: m_LocalPosition.z
      value: -0.19296455
      objectReference: {fileID: 0}
    - target: {fileID: 1767587903899984887, guid: 142b70d0e129dd149bd4b691cb462d3a,
        type: 3}
      propertyPath: m_LocalRotation.x
      value: -0.50000006
      objectReference: {fileID: 0}
    - target: {fileID: 1767587903899984887, guid: 142b70d0e129dd149bd4b691cb462d3a,
        type: 3}
      propertyPath: m_LocalRotation.y
      value: -0.49999994
      objectReference: {fileID: 0}
    - target: {fileID: 1767587903899984887, guid: 142b70d0e129dd149bd4b691cb462d3a,
        type: 3}
      propertyPath: m_LocalRotation.z
      value: -0.50000006
      objectReference: {fileID: 0}
    - target: {fileID: 1767587903899984887, guid: 142b70d0e129dd149bd4b691cb462d3a,
        type: 3}
      propertyPath: m_LocalRotation.w
      value: 0.5
      objectReference: {fileID: 0}
    - target: {fileID: 1767587903899984887, guid: 142b70d0e129dd149bd4b691cb462d3a,
        type: 3}
      propertyPath: m_RootOrder
      value: 5
      objectReference: {fileID: 0}
    - target: {fileID: 1767587903899984887, guid: 142b70d0e129dd149bd4b691cb462d3a,
        type: 3}
      propertyPath: m_LocalEulerAnglesHint.x
      value: -89.98
      objectReference: {fileID: 0}
    - target: {fileID: 1767587903899984887, guid: 142b70d0e129dd149bd4b691cb462d3a,
        type: 3}
      propertyPath: m_LocalEulerAnglesHint.y
      value: 0
      objectReference: {fileID: 0}
    - target: {fileID: 1767587903899984887, guid: 142b70d0e129dd149bd4b691cb462d3a,
        type: 3}
      propertyPath: m_LocalEulerAnglesHint.z
      value: -180.00002
      objectReference: {fileID: 0}
    - target: {fileID: 1767587903899984887, guid: 142b70d0e129dd149bd4b691cb462d3a,
        type: 3}
      propertyPath: m_LocalScale.x
      value: 1
      objectReference: {fileID: 0}
    - target: {fileID: 1767587903899984887, guid: 142b70d0e129dd149bd4b691cb462d3a,
        type: 3}
      propertyPath: m_LocalScale.z
      value: 1
      objectReference: {fileID: 0}
    - target: {fileID: 1767587903899984887, guid: 142b70d0e129dd149bd4b691cb462d3a,
        type: 3}
      propertyPath: m_LocalScale.y
      value: 1.3160999
      objectReference: {fileID: 0}
    - target: {fileID: 3376822368477024740, guid: 142b70d0e129dd149bd4b691cb462d3a,
        type: 3}
      propertyPath: m_Name
      value: EA_Env_Pipe_vLong_1c_PRE (3)
      objectReference: {fileID: 0}
    - target: {fileID: 4540720053319025367, guid: 142b70d0e129dd149bd4b691cb462d3a,
        type: 3}
      propertyPath: m_Enabled
      value: 1
      objectReference: {fileID: 0}
    m_RemovedComponents: []
  m_SourcePrefab: {fileID: 100100000, guid: 142b70d0e129dd149bd4b691cb462d3a, type: 3}
--- !u!4 &8489495347799232673 stripped
Transform:
  m_CorrespondingSourceObject: {fileID: 1767587903899984887, guid: 142b70d0e129dd149bd4b691cb462d3a,
    type: 3}
  m_PrefabInstance: {fileID: 7878771431060534102}
  m_PrefabAsset: {fileID: 0}
--- !u!1001 &8014185159015195726
PrefabInstance:
  m_ObjectHideFlags: 0
  serializedVersion: 2
  m_Modification:
    m_TransformParent: {fileID: 29499943201365683}
    m_Modifications:
    - target: {fileID: 1317569703279766024, guid: 38bd2ff9310e1a04fbfbccacb51cdaf9,
        type: 3}
      propertyPath: m_LocalPosition.x
      value: 16.966866
      objectReference: {fileID: 0}
    - target: {fileID: 1317569703279766024, guid: 38bd2ff9310e1a04fbfbccacb51cdaf9,
        type: 3}
      propertyPath: m_LocalPosition.y
      value: 35.98397
      objectReference: {fileID: 0}
    - target: {fileID: 1317569703279766024, guid: 38bd2ff9310e1a04fbfbccacb51cdaf9,
        type: 3}
      propertyPath: m_LocalPosition.z
      value: -0.31079066
      objectReference: {fileID: 0}
    - target: {fileID: 1317569703279766024, guid: 38bd2ff9310e1a04fbfbccacb51cdaf9,
        type: 3}
      propertyPath: m_LocalRotation.x
      value: 0
      objectReference: {fileID: 0}
    - target: {fileID: 1317569703279766024, guid: 38bd2ff9310e1a04fbfbccacb51cdaf9,
        type: 3}
      propertyPath: m_LocalRotation.y
      value: 0
      objectReference: {fileID: 0}
    - target: {fileID: 1317569703279766024, guid: 38bd2ff9310e1a04fbfbccacb51cdaf9,
        type: 3}
      propertyPath: m_LocalRotation.z
      value: 0
      objectReference: {fileID: 0}
    - target: {fileID: 1317569703279766024, guid: 38bd2ff9310e1a04fbfbccacb51cdaf9,
        type: 3}
      propertyPath: m_LocalRotation.w
      value: 1
      objectReference: {fileID: 0}
    - target: {fileID: 1317569703279766024, guid: 38bd2ff9310e1a04fbfbccacb51cdaf9,
        type: 3}
      propertyPath: m_RootOrder
      value: 0
      objectReference: {fileID: 0}
    - target: {fileID: 1317569703279766024, guid: 38bd2ff9310e1a04fbfbccacb51cdaf9,
        type: 3}
      propertyPath: m_LocalEulerAnglesHint.x
      value: -4.007
      objectReference: {fileID: 0}
    - target: {fileID: 1317569703279766024, guid: 38bd2ff9310e1a04fbfbccacb51cdaf9,
        type: 3}
      propertyPath: m_LocalEulerAnglesHint.y
      value: -86.659004
      objectReference: {fileID: 0}
    - target: {fileID: 1317569703279766024, guid: 38bd2ff9310e1a04fbfbccacb51cdaf9,
        type: 3}
      propertyPath: m_LocalEulerAnglesHint.z
      value: -0.95900005
      objectReference: {fileID: 0}
    - target: {fileID: 1536596055355227320, guid: 38bd2ff9310e1a04fbfbccacb51cdaf9,
        type: 3}
      propertyPath: m_Enabled
      value: 1
      objectReference: {fileID: 0}
    - target: {fileID: 2599609920287954971, guid: 38bd2ff9310e1a04fbfbccacb51cdaf9,
        type: 3}
      propertyPath: m_Name
      value: EA_Env_Boiler_1a.002_PRE (6)
      objectReference: {fileID: 0}
    - target: {fileID: 6452482691702864605, guid: 38bd2ff9310e1a04fbfbccacb51cdaf9,
        type: 3}
      propertyPath: m_Enabled
      value: 1
      objectReference: {fileID: 0}
    - target: {fileID: 7661371776616156683, guid: 38bd2ff9310e1a04fbfbccacb51cdaf9,
        type: 3}
      propertyPath: m_Enabled
      value: 1
      objectReference: {fileID: 0}
    m_RemovedComponents: []
  m_SourcePrefab: {fileID: 100100000, guid: 38bd2ff9310e1a04fbfbccacb51cdaf9, type: 3}
--- !u!4 &9038979929630330438 stripped
Transform:
  m_CorrespondingSourceObject: {fileID: 1317569703279766024, guid: 38bd2ff9310e1a04fbfbccacb51cdaf9,
    type: 3}
  m_PrefabInstance: {fileID: 8014185159015195726}
  m_PrefabAsset: {fileID: 0}
