%YAML 1.1
%TAG !u! tag:unity3d.com,2011:
--- !u!1 &7038003090468000416
GameObject:
  m_ObjectHideFlags: 0
  m_CorrespondingSourceObject: {fileID: 0}
  m_PrefabInstance: {fileID: 0}
  m_PrefabAsset: {fileID: 0}
  serializedVersion: 6
  m_Component:
  - component: {fileID: 6946860176895528781}
  m_Layer: 0
  m_Name: EA_Pipe_Comp_01b_PRE
  m_TagString: Untagged
  m_Icon: {fileID: 0}
  m_NavMeshLayer: 0
  m_StaticEditorFlags: 0
  m_IsActive: 1
--- !u!4 &6946860176895528781
Transform:
  m_ObjectHideFlags: 0
  m_CorrespondingSourceObject: {fileID: 0}
  m_PrefabInstance: {fileID: 0}
  m_PrefabAsset: {fileID: 0}
  m_GameObject: {fileID: 7038003090468000416}
  m_LocalRotation: {x: 0, y: 0, z: 0, w: 1}
  m_LocalPosition: {x: 0, y: 0, z: 0}
  m_LocalScale: {x: 1, y: 1, z: 1}
  m_Children:
  - {fileID: 3574141206167258951}
  - {fileID: 860505262342259768}
  - {fileID: 2480354594196022425}
  - {fileID: 8000479457286890753}
  - {fileID: 8062528453989766417}
  - {fileID: 3027216495473859077}
  m_Father: {fileID: 0}
  m_RootOrder: 0
  m_LocalEulerAnglesHint: {x: 0, y: 0, z: 0}
--- !u!1001 &1754062935700600824
PrefabInstance:
  m_ObjectHideFlags: 0
  serializedVersion: 2
  m_Modification:
    m_TransformParent: {fileID: 6946860176895528781}
    m_Modifications:
    - target: {fileID: 3087735736408094561, guid: e1cbf02ef964c7340ac3df7a5483561b,
        type: 3}
      propertyPath: m_LocalPosition.x
      value: 0
      objectReference: {fileID: 0}
    - target: {fileID: 3946307587356482157, guid: e1cbf02ef964c7340ac3df7a5483561b,
        type: 3}
      propertyPath: m_LocalPosition.x
      value: 0
      objectReference: {fileID: 0}
    - target: {fileID: 4687014140671107306, guid: e1cbf02ef964c7340ac3df7a5483561b,
        type: 3}
      propertyPath: m_Name
      value: EA_Env_Pipe_vLong_1a_PRE (4)
      objectReference: {fileID: 0}
    - target: {fileID: 8597590902715306745, guid: e1cbf02ef964c7340ac3df7a5483561b,
        type: 3}
      propertyPath: m_LocalPosition.x
      value: -0.0024414174
      objectReference: {fileID: 0}
    - target: {fileID: 8597590902715306745, guid: e1cbf02ef964c7340ac3df7a5483561b,
        type: 3}
      propertyPath: m_LocalPosition.y
      value: 19.950005
      objectReference: {fileID: 0}
    - target: {fileID: 8597590902715306745, guid: e1cbf02ef964c7340ac3df7a5483561b,
        type: 3}
      propertyPath: m_LocalPosition.z
      value: 0.031036377
      objectReference: {fileID: 0}
    - target: {fileID: 8597590902715306745, guid: e1cbf02ef964c7340ac3df7a5483561b,
        type: 3}
      propertyPath: m_LocalRotation.x
      value: -0
      objectReference: {fileID: 0}
    - target: {fileID: 8597590902715306745, guid: e1cbf02ef964c7340ac3df7a5483561b,
        type: 3}
      propertyPath: m_LocalRotation.y
      value: -0
      objectReference: {fileID: 0}
    - target: {fileID: 8597590902715306745, guid: e1cbf02ef964c7340ac3df7a5483561b,
        type: 3}
      propertyPath: m_LocalRotation.z
      value: -0
      objectReference: {fileID: 0}
    - target: {fileID: 8597590902715306745, guid: e1cbf02ef964c7340ac3df7a5483561b,
        type: 3}
      propertyPath: m_LocalRotation.w
      value: 1
      objectReference: {fileID: 0}
    - target: {fileID: 8597590902715306745, guid: e1cbf02ef964c7340ac3df7a5483561b,
        type: 3}
      propertyPath: m_RootOrder
      value: 3
      objectReference: {fileID: 0}
    - target: {fileID: 8597590902715306745, guid: e1cbf02ef964c7340ac3df7a5483561b,
        type: 3}
      propertyPath: m_LocalEulerAnglesHint.x
      value: 0
      objectReference: {fileID: 0}
    - target: {fileID: 8597590902715306745, guid: e1cbf02ef964c7340ac3df7a5483561b,
        type: 3}
      propertyPath: m_LocalEulerAnglesHint.y
      value: 0
      objectReference: {fileID: 0}
    - target: {fileID: 8597590902715306745, guid: e1cbf02ef964c7340ac3df7a5483561b,
        type: 3}
      propertyPath: m_LocalEulerAnglesHint.z
      value: 0
      objectReference: {fileID: 0}
    - target: {fileID: 8912483330025980404, guid: e1cbf02ef964c7340ac3df7a5483561b,
        type: 3}
      propertyPath: m_LocalPosition.x
      value: 0
      objectReference: {fileID: 0}
    m_RemovedComponents: []
  m_SourcePrefab: {fileID: 100100000, guid: e1cbf02ef964c7340ac3df7a5483561b, type: 3}
--- !u!4 &8000479457286890753 stripped
Transform:
  m_CorrespondingSourceObject: {fileID: 8597590902715306745, guid: e1cbf02ef964c7340ac3df7a5483561b,
    type: 3}
  m_PrefabInstance: {fileID: 1754062935700600824}
  m_PrefabAsset: {fileID: 0}
--- !u!1001 &2185649999541558599
PrefabInstance:
  m_ObjectHideFlags: 0
  serializedVersion: 2
  m_Modification:
    m_TransformParent: {fileID: 6946860176895528781}
    m_Modifications:
    - target: {fileID: 147899285176530257, guid: d9aae9acb1a6dbb47bba681a52066552,
        type: 3}
      propertyPath: m_Name
      value: EA_Env_Pipe_R_01a_PRE (3)
      objectReference: {fileID: 0}
    - target: {fileID: 3771246015541004098, guid: d9aae9acb1a6dbb47bba681a52066552,
        type: 3}
      propertyPath: m_LocalPosition.x
      value: 0.0049133524
      objectReference: {fileID: 0}
    - target: {fileID: 3771246015541004098, guid: d9aae9acb1a6dbb47bba681a52066552,
        type: 3}
      propertyPath: m_LocalPosition.y
      value: -24.749992
      objectReference: {fileID: 0}
    - target: {fileID: 3771246015541004098, guid: d9aae9acb1a6dbb47bba681a52066552,
        type: 3}
      propertyPath: m_LocalPosition.z
      value: -0.06213379
      objectReference: {fileID: 0}
    - target: {fileID: 3771246015541004098, guid: d9aae9acb1a6dbb47bba681a52066552,
        type: 3}
      propertyPath: m_LocalRotation.x
      value: -0.7071058
      objectReference: {fileID: 0}
    - target: {fileID: 3771246015541004098, guid: d9aae9acb1a6dbb47bba681a52066552,
        type: 3}
      propertyPath: m_LocalRotation.y
      value: -0.0011409877
      objectReference: {fileID: 0}
    - target: {fileID: 3771246015541004098, guid: d9aae9acb1a6dbb47bba681a52066552,
        type: 3}
      propertyPath: m_LocalRotation.z
      value: -0.0011411665
      objectReference: {fileID: 0}
    - target: {fileID: 3771246015541004098, guid: d9aae9acb1a6dbb47bba681a52066552,
        type: 3}
      propertyPath: m_LocalRotation.w
      value: 0.707106
      objectReference: {fileID: 0}
    - target: {fileID: 3771246015541004098, guid: d9aae9acb1a6dbb47bba681a52066552,
        type: 3}
      propertyPath: m_RootOrder
      value: 5
      objectReference: {fileID: 0}
    - target: {fileID: 3771246015541004098, guid: d9aae9acb1a6dbb47bba681a52066552,
        type: 3}
      propertyPath: m_LocalEulerAnglesHint.x
      value: -90.00001
      objectReference: {fileID: 0}
    - target: {fileID: 3771246015541004098, guid: d9aae9acb1a6dbb47bba681a52066552,
        type: 3}
      propertyPath: m_LocalEulerAnglesHint.y
      value: 0
      objectReference: {fileID: 0}
    - target: {fileID: 3771246015541004098, guid: d9aae9acb1a6dbb47bba681a52066552,
        type: 3}
      propertyPath: m_LocalEulerAnglesHint.z
      value: -0.185
      objectReference: {fileID: 0}
    - target: {fileID: 4440433107827252766, guid: d9aae9acb1a6dbb47bba681a52066552,
        type: 3}
      propertyPath: m_LocalPosition.x
      value: 0
      objectReference: {fileID: 0}
    - target: {fileID: 5912020879425168840, guid: d9aae9acb1a6dbb47bba681a52066552,
        type: 3}
      propertyPath: m_LocalPosition.x
      value: 0
      objectReference: {fileID: 0}
    - target: {fileID: 6285940058162395100, guid: d9aae9acb1a6dbb47bba681a52066552,
        type: 3}
      propertyPath: m_LocalPosition.x
      value: 0
      objectReference: {fileID: 0}
    m_RemovedComponents: []
  m_SourcePrefab: {fileID: 100100000, guid: d9aae9acb1a6dbb47bba681a52066552, type: 3}
--- !u!4 &3027216495473859077 stripped
Transform:
  m_CorrespondingSourceObject: {fileID: 3771246015541004098, guid: d9aae9acb1a6dbb47bba681a52066552,
    type: 3}
  m_PrefabInstance: {fileID: 2185649999541558599}
  m_PrefabAsset: {fileID: 0}
--- !u!1001 &5100644484141962686
PrefabInstance:
  m_ObjectHideFlags: 0
  serializedVersion: 2
  m_Modification:
    m_TransformParent: {fileID: 6946860176895528781}
    m_Modifications:
    - target: {fileID: 3087735736408094561, guid: e1cbf02ef964c7340ac3df7a5483561b,
        type: 3}
      propertyPath: m_LocalPosition.x
      value: 0
      objectReference: {fileID: 0}
    - target: {fileID: 3946307587356482157, guid: e1cbf02ef964c7340ac3df7a5483561b,
        type: 3}
      propertyPath: m_LocalPosition.x
      value: 0
      objectReference: {fileID: 0}
    - target: {fileID: 4687014140671107306, guid: e1cbf02ef964c7340ac3df7a5483561b,
        type: 3}
      propertyPath: m_Name
      value: EA_Env_Pipe_vLong_1a_PRE (1)
      objectReference: {fileID: 0}
    - target: {fileID: 8597590902715306745, guid: e1cbf02ef964c7340ac3df7a5483561b,
        type: 3}
      propertyPath: m_LocalPosition.x
      value: -0.0024414174
      objectReference: {fileID: 0}
    - target: {fileID: 8597590902715306745, guid: e1cbf02ef964c7340ac3df7a5483561b,
        type: 3}
      propertyPath: m_LocalPosition.y
      value: -25.149994
      objectReference: {fileID: 0}
    - target: {fileID: 8597590902715306745, guid: e1cbf02ef964c7340ac3df7a5483561b,
        type: 3}
      propertyPath: m_LocalPosition.z
      value: 0.031036377
      objectReference: {fileID: 0}
    - target: {fileID: 8597590902715306745, guid: e1cbf02ef964c7340ac3df7a5483561b,
        type: 3}
      propertyPath: m_LocalRotation.x
      value: -0
      objectReference: {fileID: 0}
    - target: {fileID: 8597590902715306745, guid: e1cbf02ef964c7340ac3df7a5483561b,
        type: 3}
      propertyPath: m_LocalRotation.y
      value: -0
      objectReference: {fileID: 0}
    - target: {fileID: 8597590902715306745, guid: e1cbf02ef964c7340ac3df7a5483561b,
        type: 3}
      propertyPath: m_LocalRotation.z
      value: -0
      objectReference: {fileID: 0}
    - target: {fileID: 8597590902715306745, guid: e1cbf02ef964c7340ac3df7a5483561b,
        type: 3}
      propertyPath: m_LocalRotation.w
      value: 1
      objectReference: {fileID: 0}
    - target: {fileID: 8597590902715306745, guid: e1cbf02ef964c7340ac3df7a5483561b,
        type: 3}
      propertyPath: m_RootOrder
      value: 0
      objectReference: {fileID: 0}
    - target: {fileID: 8597590902715306745, guid: e1cbf02ef964c7340ac3df7a5483561b,
        type: 3}
      propertyPath: m_LocalEulerAnglesHint.x
      value: 0
      objectReference: {fileID: 0}
    - target: {fileID: 8597590902715306745, guid: e1cbf02ef964c7340ac3df7a5483561b,
        type: 3}
      propertyPath: m_LocalEulerAnglesHint.y
      value: 0
      objectReference: {fileID: 0}
    - target: {fileID: 8597590902715306745, guid: e1cbf02ef964c7340ac3df7a5483561b,
        type: 3}
      propertyPath: m_LocalEulerAnglesHint.z
      value: 0
      objectReference: {fileID: 0}
    - target: {fileID: 8912483330025980404, guid: e1cbf02ef964c7340ac3df7a5483561b,
        type: 3}
      propertyPath: m_LocalPosition.x
      value: 0
      objectReference: {fileID: 0}
    m_RemovedComponents: []
  m_SourcePrefab: {fileID: 100100000, guid: e1cbf02ef964c7340ac3df7a5483561b, type: 3}
--- !u!4 &3574141206167258951 stripped
Transform:
  m_CorrespondingSourceObject: {fileID: 8597590902715306745, guid: e1cbf02ef964c7340ac3df7a5483561b,
    type: 3}
  m_PrefabInstance: {fileID: 5100644484141962686}
  m_PrefabAsset: {fileID: 0}
--- !u!1001 &6141566303161693792
PrefabInstance:
  m_ObjectHideFlags: 0
  serializedVersion: 2
  m_Modification:
    m_TransformParent: {fileID: 6946860176895528781}
    m_Modifications:
    - target: {fileID: 3087735736408094561, guid: e1cbf02ef964c7340ac3df7a5483561b,
        type: 3}
      propertyPath: m_LocalPosition.x
      value: 0
      objectReference: {fileID: 0}
    - target: {fileID: 3946307587356482157, guid: e1cbf02ef964c7340ac3df7a5483561b,
        type: 3}
      propertyPath: m_LocalPosition.x
      value: 0
      objectReference: {fileID: 0}
    - target: {fileID: 4687014140671107306, guid: e1cbf02ef964c7340ac3df7a5483561b,
        type: 3}
      propertyPath: m_Name
      value: EA_Env_Pipe_vLong_1a_PRE (3)
      objectReference: {fileID: 0}
    - target: {fileID: 8597590902715306745, guid: e1cbf02ef964c7340ac3df7a5483561b,
        type: 3}
      propertyPath: m_LocalPosition.x
      value: -0.0024414174
      objectReference: {fileID: 0}
    - target: {fileID: 8597590902715306745, guid: e1cbf02ef964c7340ac3df7a5483561b,
        type: 3}
      propertyPath: m_LocalPosition.y
      value: 4.850006
      objectReference: {fileID: 0}
    - target: {fileID: 8597590902715306745, guid: e1cbf02ef964c7340ac3df7a5483561b,
        type: 3}
      propertyPath: m_LocalPosition.z
      value: 0.031036377
      objectReference: {fileID: 0}
    - target: {fileID: 8597590902715306745, guid: e1cbf02ef964c7340ac3df7a5483561b,
        type: 3}
      propertyPath: m_LocalRotation.x
      value: -0
      objectReference: {fileID: 0}
    - target: {fileID: 8597590902715306745, guid: e1cbf02ef964c7340ac3df7a5483561b,
        type: 3}
      propertyPath: m_LocalRotation.y
      value: -0
      objectReference: {fileID: 0}
    - target: {fileID: 8597590902715306745, guid: e1cbf02ef964c7340ac3df7a5483561b,
        type: 3}
      propertyPath: m_LocalRotation.z
      value: -0
      objectReference: {fileID: 0}
    - target: {fileID: 8597590902715306745, guid: e1cbf02ef964c7340ac3df7a5483561b,
        type: 3}
      propertyPath: m_LocalRotation.w
      value: 1
      objectReference: {fileID: 0}
    - target: {fileID: 8597590902715306745, guid: e1cbf02ef964c7340ac3df7a5483561b,
        type: 3}
      propertyPath: m_RootOrder
      value: 2
      objectReference: {fileID: 0}
    - target: {fileID: 8597590902715306745, guid: e1cbf02ef964c7340ac3df7a5483561b,
        type: 3}
      propertyPath: m_LocalEulerAnglesHint.x
      value: 0
      objectReference: {fileID: 0}
    - target: {fileID: 8597590902715306745, guid: e1cbf02ef964c7340ac3df7a5483561b,
        type: 3}
      propertyPath: m_LocalEulerAnglesHint.y
      value: 0
      objectReference: {fileID: 0}
    - target: {fileID: 8597590902715306745, guid: e1cbf02ef964c7340ac3df7a5483561b,
        type: 3}
      propertyPath: m_LocalEulerAnglesHint.z
      value: 0
      objectReference: {fileID: 0}
    - target: {fileID: 8912483330025980404, guid: e1cbf02ef964c7340ac3df7a5483561b,
        type: 3}
      propertyPath: m_LocalPosition.x
      value: 0
      objectReference: {fileID: 0}
    m_RemovedComponents: []
  m_SourcePrefab: {fileID: 100100000, guid: e1cbf02ef964c7340ac3df7a5483561b, type: 3}
--- !u!4 &2480354594196022425 stripped
Transform:
  m_CorrespondingSourceObject: {fileID: 8597590902715306745, guid: e1cbf02ef964c7340ac3df7a5483561b,
    type: 3}
  m_PrefabInstance: {fileID: 6141566303161693792}
  m_PrefabAsset: {fileID: 0}
--- !u!1001 &6608454849982354003
PrefabInstance:
  m_ObjectHideFlags: 0
  serializedVersion: 2
  m_Modification:
    m_TransformParent: {fileID: 6946860176895528781}
    m_Modifications:
    - target: {fileID: 147899285176530257, guid: d9aae9acb1a6dbb47bba681a52066552,
        type: 3}
      propertyPath: m_Name
      value: EA_Env_Pipe_R_01a_PRE (2)
      objectReference: {fileID: 0}
    - target: {fileID: 3771246015541004098, guid: d9aae9acb1a6dbb47bba681a52066552,
        type: 3}
      propertyPath: m_LocalPosition.x
      value: 0.0049133524
      objectReference: {fileID: 0}
    - target: {fileID: 3771246015541004098, guid: d9aae9acb1a6dbb47bba681a52066552,
        type: 3}
      propertyPath: m_LocalPosition.y
      value: 35.350014
      objectReference: {fileID: 0}
    - target: {fileID: 3771246015541004098, guid: d9aae9acb1a6dbb47bba681a52066552,
        type: 3}
      propertyPath: m_LocalPosition.z
      value: -0.06213379
      objectReference: {fileID: 0}
    - target: {fileID: 3771246015541004098, guid: d9aae9acb1a6dbb47bba681a52066552,
        type: 3}
      propertyPath: m_LocalRotation.x
      value: 0.707081
      objectReference: {fileID: 0}
    - target: {fileID: 3771246015541004098, guid: d9aae9acb1a6dbb47bba681a52066552,
        type: 3}
      propertyPath: m_LocalRotation.y
      value: -0.0060014417
      objectReference: {fileID: 0}
    - target: {fileID: 3771246015541004098, guid: d9aae9acb1a6dbb47bba681a52066552,
        type: 3}
      propertyPath: m_LocalRotation.z
      value: 0.0060013225
      objectReference: {fileID: 0}
    - target: {fileID: 3771246015541004098, guid: d9aae9acb1a6dbb47bba681a52066552,
        type: 3}
      propertyPath: m_LocalRotation.w
      value: 0.7070817
      objectReference: {fileID: 0}
    - target: {fileID: 3771246015541004098, guid: d9aae9acb1a6dbb47bba681a52066552,
        type: 3}
      propertyPath: m_RootOrder
      value: 4
      objectReference: {fileID: 0}
    - target: {fileID: 3771246015541004098, guid: d9aae9acb1a6dbb47bba681a52066552,
        type: 3}
      propertyPath: m_LocalEulerAnglesHint.x
      value: 90.00001
      objectReference: {fileID: 0}
    - target: {fileID: 3771246015541004098, guid: d9aae9acb1a6dbb47bba681a52066552,
        type: 3}
      propertyPath: m_LocalEulerAnglesHint.y
      value: 0
      objectReference: {fileID: 0}
    - target: {fileID: 3771246015541004098, guid: d9aae9acb1a6dbb47bba681a52066552,
        type: 3}
      propertyPath: m_LocalEulerAnglesHint.z
      value: 0.97300005
      objectReference: {fileID: 0}
    - target: {fileID: 4440433107827252766, guid: d9aae9acb1a6dbb47bba681a52066552,
        type: 3}
      propertyPath: m_LocalPosition.x
      value: 0
      objectReference: {fileID: 0}
    - target: {fileID: 5912020879425168840, guid: d9aae9acb1a6dbb47bba681a52066552,
        type: 3}
      propertyPath: m_LocalPosition.x
      value: 0
      objectReference: {fileID: 0}
    - target: {fileID: 6285940058162395100, guid: d9aae9acb1a6dbb47bba681a52066552,
        type: 3}
      propertyPath: m_LocalPosition.x
      value: 0
      objectReference: {fileID: 0}
    m_RemovedComponents: []
  m_SourcePrefab: {fileID: 100100000, guid: d9aae9acb1a6dbb47bba681a52066552, type: 3}
--- !u!4 &8062528453989766417 stripped
Transform:
  m_CorrespondingSourceObject: {fileID: 3771246015541004098, guid: d9aae9acb1a6dbb47bba681a52066552,
    type: 3}
  m_PrefabInstance: {fileID: 6608454849982354003}
  m_PrefabAsset: {fileID: 0}
--- !u!1001 &8980713831453562561
PrefabInstance:
  m_ObjectHideFlags: 0
  serializedVersion: 2
  m_Modification:
    m_TransformParent: {fileID: 6946860176895528781}
    m_Modifications:
    - target: {fileID: 3087735736408094561, guid: e1cbf02ef964c7340ac3df7a5483561b,
        type: 3}
      propertyPath: m_LocalPosition.x
      value: 0
      objectReference: {fileID: 0}
    - target: {fileID: 3946307587356482157, guid: e1cbf02ef964c7340ac3df7a5483561b,
        type: 3}
      propertyPath: m_LocalPosition.x
      value: 0
      objectReference: {fileID: 0}
    - target: {fileID: 4687014140671107306, guid: e1cbf02ef964c7340ac3df7a5483561b,
        type: 3}
      propertyPath: m_Name
      value: EA_Env_Pipe_vLong_1a_PRE (2)
      objectReference: {fileID: 0}
    - target: {fileID: 8597590902715306745, guid: e1cbf02ef964c7340ac3df7a5483561b,
        type: 3}
      propertyPath: m_LocalPosition.x
      value: -0.0024414174
      objectReference: {fileID: 0}
    - target: {fileID: 8597590902715306745, guid: e1cbf02ef964c7340ac3df7a5483561b,
        type: 3}
      propertyPath: m_LocalPosition.y
      value: -10.249992
      objectReference: {fileID: 0}
    - target: {fileID: 8597590902715306745, guid: e1cbf02ef964c7340ac3df7a5483561b,
        type: 3}
      propertyPath: m_LocalPosition.z
      value: 0.031036377
      objectReference: {fileID: 0}
    - target: {fileID: 8597590902715306745, guid: e1cbf02ef964c7340ac3df7a5483561b,
        type: 3}
      propertyPath: m_LocalRotation.x
      value: -0
      objectReference: {fileID: 0}
    - target: {fileID: 8597590902715306745, guid: e1cbf02ef964c7340ac3df7a5483561b,
        type: 3}
      propertyPath: m_LocalRotation.y
      value: -0
      objectReference: {fileID: 0}
    - target: {fileID: 8597590902715306745, guid: e1cbf02ef964c7340ac3df7a5483561b,
        type: 3}
      propertyPath: m_LocalRotation.z
      value: -0
      objectReference: {fileID: 0}
    - target: {fileID: 8597590902715306745, guid: e1cbf02ef964c7340ac3df7a5483561b,
        type: 3}
      propertyPath: m_LocalRotation.w
      value: 1
      objectReference: {fileID: 0}
    - target: {fileID: 8597590902715306745, guid: e1cbf02ef964c7340ac3df7a5483561b,
        type: 3}
      propertyPath: m_RootOrder
      value: 1
      objectReference: {fileID: 0}
    - target: {fileID: 8597590902715306745, guid: e1cbf02ef964c7340ac3df7a5483561b,
        type: 3}
      propertyPath: m_LocalEulerAnglesHint.x
      value: 0
      objectReference: {fileID: 0}
    - target: {fileID: 8597590902715306745, guid: e1cbf02ef964c7340ac3df7a5483561b,
        type: 3}
      propertyPath: m_LocalEulerAnglesHint.y
      value: 0
      objectReference: {fileID: 0}
    - target: {fileID: 8597590902715306745, guid: e1cbf02ef964c7340ac3df7a5483561b,
        type: 3}
      propertyPath: m_LocalEulerAnglesHint.z
      value: 0
      objectReference: {fileID: 0}
    - target: {fileID: 8912483330025980404, guid: e1cbf02ef964c7340ac3df7a5483561b,
        type: 3}
      propertyPath: m_LocalPosition.x
      value: 0
      objectReference: {fileID: 0}
    m_RemovedComponents: []
  m_SourcePrefab: {fileID: 100100000, guid: e1cbf02ef964c7340ac3df7a5483561b, type: 3}
--- !u!4 &860505262342259768 stripped
Transform:
  m_CorrespondingSourceObject: {fileID: 8597590902715306745, guid: e1cbf02ef964c7340ac3df7a5483561b,
    type: 3}
  m_PrefabInstance: {fileID: 8980713831453562561}
  m_PrefabAsset: {fileID: 0}
