%YAML 1.1
%TAG !u! tag:unity3d.com,2011:
--- !u!1 &5905328658518446866
GameObject:
  m_ObjectHideFlags: 0
  m_CorrespondingSourceObject: {fileID: 0}
  m_PrefabInstance: {fileID: 0}
  m_PrefabAsset: {fileID: 0}
  serializedVersion: 6
  m_Component:
  - component: {fileID: 5780307601094151935}
  m_Layer: 0
  m_Name: EA_Pipe_Comp_01c
  m_TagString: Untagged
  m_Icon: {fileID: 0}
  m_NavMeshLayer: 0
  m_StaticEditorFlags: 0
  m_IsActive: 1
--- !u!4 &5780307601094151935
Transform:
  m_ObjectHideFlags: 0
  m_CorrespondingSourceObject: {fileID: 0}
  m_PrefabInstance: {fileID: 0}
  m_PrefabAsset: {fileID: 0}
  m_GameObject: {fileID: 5905328658518446866}
  m_LocalRotation: {x: 0, y: 0, z: 0, w: 1}
  m_LocalPosition: {x: 0, y: 0, z: 0}
  m_LocalScale: {x: 1, y: 1, z: 1}
  m_Children:
  - {fileID: 127813659319650037}
  - {fileID: 4300607099208762762}
  - {fileID: 6898434137499456675}
  - {fileID: 1899717464505408439}
  m_Father: {fileID: 0}
  m_RootOrder: 0
  m_LocalEulerAnglesHint: {x: 0, y: 0, z: 0}
--- !u!1001 &3317761756098370805
PrefabInstance:
  m_ObjectHideFlags: 0
  serializedVersion: 2
  m_Modification:
    m_TransformParent: {fileID: 5780307601094151935}
    m_Modifications:
    - target: {fileID: 147899285176530257, guid: d9aae9acb1a6dbb47bba681a52066552,
        type: 3}
      propertyPath: m_Name
      value: EA_Env_Pipe_R_01a_PRE (3)
      objectReference: {fileID: 0}
    - target: {fileID: 3771246015541004098, guid: d9aae9acb1a6dbb47bba681a52066552,
        type: 3}
      propertyPath: m_LocalPosition.x
      value: 0.004893416
      objectReference: {fileID: 0}
    - target: {fileID: 3771246015541004098, guid: d9aae9acb1a6dbb47bba681a52066552,
        type: 3}
      propertyPath: m_LocalPosition.y
      value: -11.045007
      objectReference: {fileID: 0}
    - target: {fileID: 3771246015541004098, guid: d9aae9acb1a6dbb47bba681a52066552,
        type: 3}
      propertyPath: m_LocalPosition.z
      value: -0.06960964
      objectReference: {fileID: 0}
    - target: {fileID: 3771246015541004098, guid: d9aae9acb1a6dbb47bba681a52066552,
        type: 3}
      propertyPath: m_LocalRotation.x
      value: -0.7064234
      objectReference: {fileID: 0}
    - target: {fileID: 3771246015541004098, guid: d9aae9acb1a6dbb47bba681a52066552,
        type: 3}
      propertyPath: m_LocalRotation.y
      value: 0.031081881
      objectReference: {fileID: 0}
    - target: {fileID: 3771246015541004098, guid: d9aae9acb1a6dbb47bba681a52066552,
        type: 3}
      propertyPath: m_LocalRotation.z
      value: 0.031081852
      objectReference: {fileID: 0}
    - target: {fileID: 3771246015541004098, guid: d9aae9acb1a6dbb47bba681a52066552,
        type: 3}
      propertyPath: m_LocalRotation.w
      value: 0.70642334
      objectReference: {fileID: 0}
    - target: {fileID: 3771246015541004098, guid: d9aae9acb1a6dbb47bba681a52066552,
        type: 3}
      propertyPath: m_RootOrder
      value: 3
      objectReference: {fileID: 0}
    - target: {fileID: 3771246015541004098, guid: d9aae9acb1a6dbb47bba681a52066552,
        type: 3}
      propertyPath: m_LocalEulerAnglesHint.x
      value: -90.00001
      objectReference: {fileID: 0}
    - target: {fileID: 3771246015541004098, guid: d9aae9acb1a6dbb47bba681a52066552,
        type: 3}
      propertyPath: m_LocalEulerAnglesHint.y
      value: 0
      objectReference: {fileID: 0}
    - target: {fileID: 3771246015541004098, guid: d9aae9acb1a6dbb47bba681a52066552,
        type: 3}
      propertyPath: m_LocalEulerAnglesHint.z
      value: 5.039
      objectReference: {fileID: 0}
    - target: {fileID: 4440433107827252766, guid: d9aae9acb1a6dbb47bba681a52066552,
        type: 3}
      propertyPath: m_LocalPosition.x
      value: 0
      objectReference: {fileID: 0}
    - target: {fileID: 5912020879425168840, guid: d9aae9acb1a6dbb47bba681a52066552,
        type: 3}
      propertyPath: m_LocalPosition.x
      value: 0
      objectReference: {fileID: 0}
    - target: {fileID: 6285940058162395100, guid: d9aae9acb1a6dbb47bba681a52066552,
        type: 3}
      propertyPath: m_LocalPosition.x
      value: 0
      objectReference: {fileID: 0}
    m_RemovedComponents: []
  m_SourcePrefab: {fileID: 100100000, guid: d9aae9acb1a6dbb47bba681a52066552, type: 3}
--- !u!4 &1899717464505408439 stripped
Transform:
  m_CorrespondingSourceObject: {fileID: 3771246015541004098, guid: d9aae9acb1a6dbb47bba681a52066552,
    type: 3}
  m_PrefabInstance: {fileID: 3317761756098370805}
  m_PrefabAsset: {fileID: 0}
--- !u!1001 &5547893784465201011
PrefabInstance:
  m_ObjectHideFlags: 0
  serializedVersion: 2
  m_Modification:
    m_TransformParent: {fileID: 5780307601094151935}
    m_Modifications:
    - target: {fileID: 3087735736408094561, guid: e1cbf02ef964c7340ac3df7a5483561b,
        type: 3}
      propertyPath: m_LocalPosition.x
      value: 0
      objectReference: {fileID: 0}
    - target: {fileID: 3946307587356482157, guid: e1cbf02ef964c7340ac3df7a5483561b,
        type: 3}
      propertyPath: m_LocalPosition.x
      value: 0
      objectReference: {fileID: 0}
    - target: {fileID: 4687014140671107306, guid: e1cbf02ef964c7340ac3df7a5483561b,
        type: 3}
      propertyPath: m_Name
      value: EA_Env_Pipe_vLong_1a_PRE (2)
      objectReference: {fileID: 0}
    - target: {fileID: 8597590902715306745, guid: e1cbf02ef964c7340ac3df7a5483561b,
        type: 3}
      propertyPath: m_LocalPosition.x
      value: -0.0024704677
      objectReference: {fileID: 0}
    - target: {fileID: 8597590902715306745, guid: e1cbf02ef964c7340ac3df7a5483561b,
        type: 3}
      propertyPath: m_LocalPosition.y
      value: 3.4550023
      objectReference: {fileID: 0}
    - target: {fileID: 8597590902715306745, guid: e1cbf02ef964c7340ac3df7a5483561b,
        type: 3}
      propertyPath: m_LocalPosition.z
      value: 0.023559093
      objectReference: {fileID: 0}
    - target: {fileID: 8597590902715306745, guid: e1cbf02ef964c7340ac3df7a5483561b,
        type: 3}
      propertyPath: m_LocalRotation.x
      value: -0
      objectReference: {fileID: 0}
    - target: {fileID: 8597590902715306745, guid: e1cbf02ef964c7340ac3df7a5483561b,
        type: 3}
      propertyPath: m_LocalRotation.y
      value: -0
      objectReference: {fileID: 0}
    - target: {fileID: 8597590902715306745, guid: e1cbf02ef964c7340ac3df7a5483561b,
        type: 3}
      propertyPath: m_LocalRotation.z
      value: -0
      objectReference: {fileID: 0}
    - target: {fileID: 8597590902715306745, guid: e1cbf02ef964c7340ac3df7a5483561b,
        type: 3}
      propertyPath: m_LocalRotation.w
      value: 1
      objectReference: {fileID: 0}
    - target: {fileID: 8597590902715306745, guid: e1cbf02ef964c7340ac3df7a5483561b,
        type: 3}
      propertyPath: m_RootOrder
      value: 1
      objectReference: {fileID: 0}
    - target: {fileID: 8597590902715306745, guid: e1cbf02ef964c7340ac3df7a5483561b,
        type: 3}
      propertyPath: m_LocalEulerAnglesHint.x
      value: 0
      objectReference: {fileID: 0}
    - target: {fileID: 8597590902715306745, guid: e1cbf02ef964c7340ac3df7a5483561b,
        type: 3}
      propertyPath: m_LocalEulerAnglesHint.y
      value: 0
      objectReference: {fileID: 0}
    - target: {fileID: 8597590902715306745, guid: e1cbf02ef964c7340ac3df7a5483561b,
        type: 3}
      propertyPath: m_LocalEulerAnglesHint.z
      value: 0
      objectReference: {fileID: 0}
    - target: {fileID: 8912483330025980404, guid: e1cbf02ef964c7340ac3df7a5483561b,
        type: 3}
      propertyPath: m_LocalPosition.x
      value: 0
      objectReference: {fileID: 0}
    m_RemovedComponents: []
  m_SourcePrefab: {fileID: 100100000, guid: e1cbf02ef964c7340ac3df7a5483561b, type: 3}
--- !u!4 &4300607099208762762 stripped
Transform:
  m_CorrespondingSourceObject: {fileID: 8597590902715306745, guid: e1cbf02ef964c7340ac3df7a5483561b,
    type: 3}
  m_PrefabInstance: {fileID: 5547893784465201011}
  m_PrefabAsset: {fileID: 0}
--- !u!1001 &7776028846334710753
PrefabInstance:
  m_ObjectHideFlags: 0
  serializedVersion: 2
  m_Modification:
    m_TransformParent: {fileID: 5780307601094151935}
    m_Modifications:
    - target: {fileID: 147899285176530257, guid: d9aae9acb1a6dbb47bba681a52066552,
        type: 3}
      propertyPath: m_Name
      value: EA_Env_Pipe_R_01a_PRE (2)
      objectReference: {fileID: 0}
    - target: {fileID: 3771246015541004098, guid: d9aae9acb1a6dbb47bba681a52066552,
        type: 3}
      propertyPath: m_LocalPosition.x
      value: -0.000022494925
      objectReference: {fileID: 0}
    - target: {fileID: 3771246015541004098, guid: d9aae9acb1a6dbb47bba681a52066552,
        type: 3}
      propertyPath: m_LocalPosition.y
      value: 19.034998
      objectReference: {fileID: 0}
    - target: {fileID: 3771246015541004098, guid: d9aae9acb1a6dbb47bba681a52066552,
        type: 3}
      propertyPath: m_LocalPosition.z
      value: 0.022520065
      objectReference: {fileID: 0}
    - target: {fileID: 3771246015541004098, guid: d9aae9acb1a6dbb47bba681a52066552,
        type: 3}
      propertyPath: m_LocalRotation.x
      value: 0.70691705
      objectReference: {fileID: 0}
    - target: {fileID: 3771246015541004098, guid: d9aae9acb1a6dbb47bba681a52066552,
        type: 3}
      propertyPath: m_LocalRotation.y
      value: 0.016369047
      objectReference: {fileID: 0}
    - target: {fileID: 3771246015541004098, guid: d9aae9acb1a6dbb47bba681a52066552,
        type: 3}
      propertyPath: m_LocalRotation.z
      value: -0.016369045
      objectReference: {fileID: 0}
    - target: {fileID: 3771246015541004098, guid: d9aae9acb1a6dbb47bba681a52066552,
        type: 3}
      propertyPath: m_LocalRotation.w
      value: 0.7069176
      objectReference: {fileID: 0}
    - target: {fileID: 3771246015541004098, guid: d9aae9acb1a6dbb47bba681a52066552,
        type: 3}
      propertyPath: m_RootOrder
      value: 2
      objectReference: {fileID: 0}
    - target: {fileID: 3771246015541004098, guid: d9aae9acb1a6dbb47bba681a52066552,
        type: 3}
      propertyPath: m_LocalEulerAnglesHint.x
      value: 90.00001
      objectReference: {fileID: 0}
    - target: {fileID: 3771246015541004098, guid: d9aae9acb1a6dbb47bba681a52066552,
        type: 3}
      propertyPath: m_LocalEulerAnglesHint.y
      value: 0
      objectReference: {fileID: 0}
    - target: {fileID: 3771246015541004098, guid: d9aae9acb1a6dbb47bba681a52066552,
        type: 3}
      propertyPath: m_LocalEulerAnglesHint.z
      value: -2.653
      objectReference: {fileID: 0}
    - target: {fileID: 4440433107827252766, guid: d9aae9acb1a6dbb47bba681a52066552,
        type: 3}
      propertyPath: m_LocalPosition.x
      value: 0
      objectReference: {fileID: 0}
    - target: {fileID: 5912020879425168840, guid: d9aae9acb1a6dbb47bba681a52066552,
        type: 3}
      propertyPath: m_LocalPosition.x
      value: 0
      objectReference: {fileID: 0}
    - target: {fileID: 6285940058162395100, guid: d9aae9acb1a6dbb47bba681a52066552,
        type: 3}
      propertyPath: m_LocalPosition.x
      value: 0
      objectReference: {fileID: 0}
    m_RemovedComponents: []
  m_SourcePrefab: {fileID: 100100000, guid: d9aae9acb1a6dbb47bba681a52066552, type: 3}
--- !u!4 &6898434137499456675 stripped
Transform:
  m_CorrespondingSourceObject: {fileID: 3771246015541004098, guid: d9aae9acb1a6dbb47bba681a52066552,
    type: 3}
  m_PrefabInstance: {fileID: 7776028846334710753}
  m_PrefabAsset: {fileID: 0}
--- !u!1001 &8545248821608256524
PrefabInstance:
  m_ObjectHideFlags: 0
  serializedVersion: 2
  m_Modification:
    m_TransformParent: {fileID: 5780307601094151935}
    m_Modifications:
    - target: {fileID: 3087735736408094561, guid: e1cbf02ef964c7340ac3df7a5483561b,
        type: 3}
      propertyPath: m_LocalPosition.x
      value: 0
      objectReference: {fileID: 0}
    - target: {fileID: 3946307587356482157, guid: e1cbf02ef964c7340ac3df7a5483561b,
        type: 3}
      propertyPath: m_LocalPosition.x
      value: 0
      objectReference: {fileID: 0}
    - target: {fileID: 4687014140671107306, guid: e1cbf02ef964c7340ac3df7a5483561b,
        type: 3}
      propertyPath: m_Name
      value: EA_Env_Pipe_vLong_1a_PRE (1)
      objectReference: {fileID: 0}
    - target: {fileID: 8597590902715306745, guid: e1cbf02ef964c7340ac3df7a5483561b,
        type: 3}
      propertyPath: m_LocalPosition.x
      value: -0.0024614888
      objectReference: {fileID: 0}
    - target: {fileID: 8597590902715306745, guid: e1cbf02ef964c7340ac3df7a5483561b,
        type: 3}
      propertyPath: m_LocalPosition.y
      value: -11.445001
      objectReference: {fileID: 0}
    - target: {fileID: 8597590902715306745, guid: e1cbf02ef964c7340ac3df7a5483561b,
        type: 3}
      propertyPath: m_LocalPosition.z
      value: 0.023560524
      objectReference: {fileID: 0}
    - target: {fileID: 8597590902715306745, guid: e1cbf02ef964c7340ac3df7a5483561b,
        type: 3}
      propertyPath: m_LocalRotation.x
      value: -0
      objectReference: {fileID: 0}
    - target: {fileID: 8597590902715306745, guid: e1cbf02ef964c7340ac3df7a5483561b,
        type: 3}
      propertyPath: m_LocalRotation.y
      value: -0
      objectReference: {fileID: 0}
    - target: {fileID: 8597590902715306745, guid: e1cbf02ef964c7340ac3df7a5483561b,
        type: 3}
      propertyPath: m_LocalRotation.z
      value: -0
      objectReference: {fileID: 0}
    - target: {fileID: 8597590902715306745, guid: e1cbf02ef964c7340ac3df7a5483561b,
        type: 3}
      propertyPath: m_LocalRotation.w
      value: 1
      objectReference: {fileID: 0}
    - target: {fileID: 8597590902715306745, guid: e1cbf02ef964c7340ac3df7a5483561b,
        type: 3}
      propertyPath: m_RootOrder
      value: 0
      objectReference: {fileID: 0}
    - target: {fileID: 8597590902715306745, guid: e1cbf02ef964c7340ac3df7a5483561b,
        type: 3}
      propertyPath: m_LocalEulerAnglesHint.x
      value: 0
      objectReference: {fileID: 0}
    - target: {fileID: 8597590902715306745, guid: e1cbf02ef964c7340ac3df7a5483561b,
        type: 3}
      propertyPath: m_LocalEulerAnglesHint.y
      value: 0
      objectReference: {fileID: 0}
    - target: {fileID: 8597590902715306745, guid: e1cbf02ef964c7340ac3df7a5483561b,
        type: 3}
      propertyPath: m_LocalEulerAnglesHint.z
      value: 0
      objectReference: {fileID: 0}
    - target: {fileID: 8912483330025980404, guid: e1cbf02ef964c7340ac3df7a5483561b,
        type: 3}
      propertyPath: m_LocalPosition.x
      value: 0
      objectReference: {fileID: 0}
    m_RemovedComponents: []
  m_SourcePrefab: {fileID: 100100000, guid: e1cbf02ef964c7340ac3df7a5483561b, type: 3}
--- !u!4 &127813659319650037 stripped
Transform:
  m_CorrespondingSourceObject: {fileID: 8597590902715306745, guid: e1cbf02ef964c7340ac3df7a5483561b,
    type: 3}
  m_PrefabInstance: {fileID: 8545248821608256524}
  m_PrefabAsset: {fileID: 0}
