%YAML 1.1
%TAG !u! tag:unity3d.com,2011:
--- !u!1 &9164982342305197168
GameObject:
  m_ObjectHideFlags: 0
  m_CorrespondingSourceObject: {fileID: 0}
  m_PrefabInstance: {fileID: 0}
  m_PrefabAsset: {fileID: 0}
  serializedVersion: 6
  m_Component:
  - component: {fileID: 7122386514322432843}
  m_Layer: 0
  m_Name: EA_Wooden_Pal_Comp_01a 1
  m_TagString: Untagged
  m_Icon: {fileID: 0}
  m_NavMeshLayer: 0
  m_StaticEditorFlags: 0
  m_IsActive: 1
--- !u!4 &7122386514322432843
Transform:
  m_ObjectHideFlags: 0
  m_CorrespondingSourceObject: {fileID: 0}
  m_PrefabInstance: {fileID: 0}
  m_PrefabAsset: {fileID: 0}
  m_GameObject: {fileID: 9164982342305197168}
  m_LocalRotation: {x: 0, y: 0, z: 0, w: 1}
  m_LocalPosition: {x: 0, y: 0, z: 0}
  m_LocalScale: {x: 1, y: 1, z: 1}
  m_Children:
  - {fileID: 7684171580430837795}
  - {fileID: 4010401250649796462}
  - {fileID: 8498139162405813899}
  - {fileID: 2431202124164643015}
  m_Father: {fileID: 0}
  m_RootOrder: 0
  m_LocalEulerAnglesHint: {x: 0, y: 0, z: 0}
--- !u!1001 &1559559176172691456
PrefabInstance:
  m_ObjectHideFlags: 0
  serializedVersion: 2
  m_Modification:
    m_TransformParent: {fileID: 7122386514322432843}
    m_Modifications:
    - target: {fileID: 5286199298496985648, guid: 81dda2db97f1c9a4ab0c5a2a0b4d9bb2,
        type: 3}
      propertyPath: m_Name
      value: EA_Wooden_Pal_01a_PRE
      objectReference: {fileID: 0}
    - target: {fileID: 9153288726695249955, guid: 81dda2db97f1c9a4ab0c5a2a0b4d9bb2,
        type: 3}
      propertyPath: m_LocalPosition.x
      value: 2.9366074
      objectReference: {fileID: 0}
    - target: {fileID: 9153288726695249955, guid: 81dda2db97f1c9a4ab0c5a2a0b4d9bb2,
        type: 3}
      propertyPath: m_LocalPosition.y
      value: 0.53169215
      objectReference: {fileID: 0}
    - target: {fileID: 9153288726695249955, guid: 81dda2db97f1c9a4ab0c5a2a0b4d9bb2,
        type: 3}
      propertyPath: m_LocalPosition.z
      value: -3.1996765
      objectReference: {fileID: 0}
    - target: {fileID: 9153288726695249955, guid: 81dda2db97f1c9a4ab0c5a2a0b4d9bb2,
        type: 3}
      propertyPath: m_LocalRotation.x
      value: -0
      objectReference: {fileID: 0}
    - target: {fileID: 9153288726695249955, guid: 81dda2db97f1c9a4ab0c5a2a0b4d9bb2,
        type: 3}
      propertyPath: m_LocalRotation.y
      value: -0
      objectReference: {fileID: 0}
    - target: {fileID: 9153288726695249955, guid: 81dda2db97f1c9a4ab0c5a2a0b4d9bb2,
        type: 3}
      propertyPath: m_LocalRotation.z
      value: -0
      objectReference: {fileID: 0}
    - target: {fileID: 9153288726695249955, guid: 81dda2db97f1c9a4ab0c5a2a0b4d9bb2,
        type: 3}
      propertyPath: m_LocalRotation.w
      value: 1
      objectReference: {fileID: 0}
    - target: {fileID: 9153288726695249955, guid: 81dda2db97f1c9a4ab0c5a2a0b4d9bb2,
        type: 3}
      propertyPath: m_RootOrder
      value: 0
      objectReference: {fileID: 0}
    - target: {fileID: 9153288726695249955, guid: 81dda2db97f1c9a4ab0c5a2a0b4d9bb2,
        type: 3}
      propertyPath: m_LocalEulerAnglesHint.x
      value: 0
      objectReference: {fileID: 0}
    - target: {fileID: 9153288726695249955, guid: 81dda2db97f1c9a4ab0c5a2a0b4d9bb2,
        type: 3}
      propertyPath: m_LocalEulerAnglesHint.y
      value: 0
      objectReference: {fileID: 0}
    - target: {fileID: 9153288726695249955, guid: 81dda2db97f1c9a4ab0c5a2a0b4d9bb2,
        type: 3}
      propertyPath: m_LocalEulerAnglesHint.z
      value: 0
      objectReference: {fileID: 0}
    m_RemovedComponents: []
  m_SourcePrefab: {fileID: 100100000, guid: 81dda2db97f1c9a4ab0c5a2a0b4d9bb2, type: 3}
--- !u!4 &7684171580430837795 stripped
Transform:
  m_CorrespondingSourceObject: {fileID: 9153288726695249955, guid: 81dda2db97f1c9a4ab0c5a2a0b4d9bb2,
    type: 3}
  m_PrefabInstance: {fileID: 1559559176172691456}
  m_PrefabAsset: {fileID: 0}
--- !u!1001 &3233681463058695959
PrefabInstance:
  m_ObjectHideFlags: 0
  serializedVersion: 2
  m_Modification:
    m_TransformParent: {fileID: 7122386514322432843}
    m_Modifications:
    - target: {fileID: 6417397074251856284, guid: 0ca13dfcef7c83547b0015ac50021e76,
        type: 3}
      propertyPath: m_LocalPosition.x
      value: -0.34339142
      objectReference: {fileID: 0}
    - target: {fileID: 6417397074251856284, guid: 0ca13dfcef7c83547b0015ac50021e76,
        type: 3}
      propertyPath: m_LocalPosition.y
      value: 3.5124085
      objectReference: {fileID: 0}
    - target: {fileID: 6417397074251856284, guid: 0ca13dfcef7c83547b0015ac50021e76,
        type: 3}
      propertyPath: m_LocalPosition.z
      value: -0.29968262
      objectReference: {fileID: 0}
    - target: {fileID: 6417397074251856284, guid: 0ca13dfcef7c83547b0015ac50021e76,
        type: 3}
      propertyPath: m_LocalRotation.x
      value: 0.93380916
      objectReference: {fileID: 0}
    - target: {fileID: 6417397074251856284, guid: 0ca13dfcef7c83547b0015ac50021e76,
        type: 3}
      propertyPath: m_LocalRotation.y
      value: 0.00000007085158
      objectReference: {fileID: 0}
    - target: {fileID: 6417397074251856284, guid: 0ca13dfcef7c83547b0015ac50021e76,
        type: 3}
      propertyPath: m_LocalRotation.z
      value: 0.35777155
      objectReference: {fileID: 0}
    - target: {fileID: 6417397074251856284, guid: 0ca13dfcef7c83547b0015ac50021e76,
        type: 3}
      propertyPath: m_LocalRotation.w
      value: 0.0000000047936997
      objectReference: {fileID: 0}
    - target: {fileID: 6417397074251856284, guid: 0ca13dfcef7c83547b0015ac50021e76,
        type: 3}
      propertyPath: m_RootOrder
      value: 2
      objectReference: {fileID: 0}
    - target: {fileID: 6417397074251856284, guid: 0ca13dfcef7c83547b0015ac50021e76,
        type: 3}
      propertyPath: m_LocalEulerAnglesHint.x
      value: 180
      objectReference: {fileID: 0}
    - target: {fileID: 6417397074251856284, guid: 0ca13dfcef7c83547b0015ac50021e76,
        type: 3}
      propertyPath: m_LocalEulerAnglesHint.y
      value: -41.927002
      objectReference: {fileID: 0}
    - target: {fileID: 6417397074251856284, guid: 0ca13dfcef7c83547b0015ac50021e76,
        type: 3}
      propertyPath: m_LocalEulerAnglesHint.z
      value: 0
      objectReference: {fileID: 0}
    - target: {fileID: 6417397074251856284, guid: 0ca13dfcef7c83547b0015ac50021e76,
        type: 3}
      propertyPath: m_LocalScale.z
      value: 1.0000001
      objectReference: {fileID: 0}
    - target: {fileID: 6417397074252146108, guid: 0ca13dfcef7c83547b0015ac50021e76,
        type: 3}
      propertyPath: m_Name
      value: EA_Prop_Wooden_Plank_01d_PRE (2)
      objectReference: {fileID: 0}
    m_RemovedComponents: []
  m_SourcePrefab: {fileID: 100100000, guid: 0ca13dfcef7c83547b0015ac50021e76, type: 3}
--- !u!4 &8498139162405813899 stripped
Transform:
  m_CorrespondingSourceObject: {fileID: 6417397074251856284, guid: 0ca13dfcef7c83547b0015ac50021e76,
    type: 3}
  m_PrefabInstance: {fileID: 3233681463058695959}
  m_PrefabAsset: {fileID: 0}
--- !u!1001 &5233408346043803469
PrefabInstance:
  m_ObjectHideFlags: 0
  serializedVersion: 2
  m_Modification:
    m_TransformParent: {fileID: 7122386514322432843}
    m_Modifications:
    - target: {fileID: 5286199298496985648, guid: 81dda2db97f1c9a4ab0c5a2a0b4d9bb2,
        type: 3}
      propertyPath: m_Name
      value: EA_Wooden_Pal_01a_PRE (1)
      objectReference: {fileID: 0}
    - target: {fileID: 9153288726695249955, guid: 81dda2db97f1c9a4ab0c5a2a0b4d9bb2,
        type: 3}
      propertyPath: m_LocalPosition.x
      value: -2.7233963
      objectReference: {fileID: 0}
    - target: {fileID: 9153288726695249955, guid: 81dda2db97f1c9a4ab0c5a2a0b4d9bb2,
        type: 3}
      propertyPath: m_LocalPosition.y
      value: -0.8210131
      objectReference: {fileID: 0}
    - target: {fileID: 9153288726695249955, guid: 81dda2db97f1c9a4ab0c5a2a0b4d9bb2,
        type: 3}
      propertyPath: m_LocalPosition.z
      value: 3.510315
      objectReference: {fileID: 0}
    - target: {fileID: 9153288726695249955, guid: 81dda2db97f1c9a4ab0c5a2a0b4d9bb2,
        type: 3}
      propertyPath: m_LocalRotation.x
      value: -0
      objectReference: {fileID: 0}
    - target: {fileID: 9153288726695249955, guid: 81dda2db97f1c9a4ab0c5a2a0b4d9bb2,
        type: 3}
      propertyPath: m_LocalRotation.y
      value: 0.7071068
      objectReference: {fileID: 0}
    - target: {fileID: 9153288726695249955, guid: 81dda2db97f1c9a4ab0c5a2a0b4d9bb2,
        type: 3}
      propertyPath: m_LocalRotation.z
      value: -0
      objectReference: {fileID: 0}
    - target: {fileID: 9153288726695249955, guid: 81dda2db97f1c9a4ab0c5a2a0b4d9bb2,
        type: 3}
      propertyPath: m_LocalRotation.w
      value: 0.7071068
      objectReference: {fileID: 0}
    - target: {fileID: 9153288726695249955, guid: 81dda2db97f1c9a4ab0c5a2a0b4d9bb2,
        type: 3}
      propertyPath: m_RootOrder
      value: 1
      objectReference: {fileID: 0}
    - target: {fileID: 9153288726695249955, guid: 81dda2db97f1c9a4ab0c5a2a0b4d9bb2,
        type: 3}
      propertyPath: m_LocalEulerAnglesHint.x
      value: 0
      objectReference: {fileID: 0}
    - target: {fileID: 9153288726695249955, guid: 81dda2db97f1c9a4ab0c5a2a0b4d9bb2,
        type: 3}
      propertyPath: m_LocalEulerAnglesHint.y
      value: 0
      objectReference: {fileID: 0}
    - target: {fileID: 9153288726695249955, guid: 81dda2db97f1c9a4ab0c5a2a0b4d9bb2,
        type: 3}
      propertyPath: m_LocalEulerAnglesHint.z
      value: 0
      objectReference: {fileID: 0}
    - target: {fileID: 9153288726695249955, guid: 81dda2db97f1c9a4ab0c5a2a0b4d9bb2,
        type: 3}
      propertyPath: m_LocalScale.x
      value: 1.0000004
      objectReference: {fileID: 0}
    - target: {fileID: 9153288726695249955, guid: 81dda2db97f1c9a4ab0c5a2a0b4d9bb2,
        type: 3}
      propertyPath: m_LocalScale.z
      value: 1.0000004
      objectReference: {fileID: 0}
    m_RemovedComponents: []
  m_SourcePrefab: {fileID: 100100000, guid: 81dda2db97f1c9a4ab0c5a2a0b4d9bb2, type: 3}
--- !u!4 &4010401250649796462 stripped
Transform:
  m_CorrespondingSourceObject: {fileID: 9153288726695249955, guid: 81dda2db97f1c9a4ab0c5a2a0b4d9bb2,
    type: 3}
  m_PrefabInstance: {fileID: 5233408346043803469}
  m_PrefabAsset: {fileID: 0}
--- !u!1001 &8697138968798134619
PrefabInstance:
  m_ObjectHideFlags: 0
  serializedVersion: 2
  m_Modification:
    m_TransformParent: {fileID: 7122386514322432843}
    m_Modifications:
    - target: {fileID: 6417397074251856284, guid: 0ca13dfcef7c83547b0015ac50021e76,
        type: 3}
      propertyPath: m_LocalPosition.x
      value: -0.34339142
      objectReference: {fileID: 0}
    - target: {fileID: 6417397074251856284, guid: 0ca13dfcef7c83547b0015ac50021e76,
        type: 3}
      propertyPath: m_LocalPosition.y
      value: 1.1089869
      objectReference: {fileID: 0}
    - target: {fileID: 6417397074251856284, guid: 0ca13dfcef7c83547b0015ac50021e76,
        type: 3}
      propertyPath: m_LocalPosition.z
      value: -0.29968262
      objectReference: {fileID: 0}
    - target: {fileID: 6417397074251856284, guid: 0ca13dfcef7c83547b0015ac50021e76,
        type: 3}
      propertyPath: m_LocalRotation.x
      value: -0
      objectReference: {fileID: 0}
    - target: {fileID: 6417397074251856284, guid: 0ca13dfcef7c83547b0015ac50021e76,
        type: 3}
      propertyPath: m_LocalRotation.y
      value: -0.35777137
      objectReference: {fileID: 0}
    - target: {fileID: 6417397074251856284, guid: 0ca13dfcef7c83547b0015ac50021e76,
        type: 3}
      propertyPath: m_LocalRotation.z
      value: -0
      objectReference: {fileID: 0}
    - target: {fileID: 6417397074251856284, guid: 0ca13dfcef7c83547b0015ac50021e76,
        type: 3}
      propertyPath: m_LocalRotation.w
      value: 0.9338093
      objectReference: {fileID: 0}
    - target: {fileID: 6417397074251856284, guid: 0ca13dfcef7c83547b0015ac50021e76,
        type: 3}
      propertyPath: m_RootOrder
      value: 3
      objectReference: {fileID: 0}
    - target: {fileID: 6417397074251856284, guid: 0ca13dfcef7c83547b0015ac50021e76,
        type: 3}
      propertyPath: m_LocalEulerAnglesHint.x
      value: 0
      objectReference: {fileID: 0}
    - target: {fileID: 6417397074251856284, guid: 0ca13dfcef7c83547b0015ac50021e76,
        type: 3}
      propertyPath: m_LocalEulerAnglesHint.y
      value: -41.927002
      objectReference: {fileID: 0}
    - target: {fileID: 6417397074251856284, guid: 0ca13dfcef7c83547b0015ac50021e76,
        type: 3}
      propertyPath: m_LocalEulerAnglesHint.z
      value: 0
      objectReference: {fileID: 0}
    - target: {fileID: 6417397074251856284, guid: 0ca13dfcef7c83547b0015ac50021e76,
        type: 3}
      propertyPath: m_LocalScale.x
      value: 1.0000001
      objectReference: {fileID: 0}
    - target: {fileID: 6417397074251856284, guid: 0ca13dfcef7c83547b0015ac50021e76,
        type: 3}
      propertyPath: m_LocalScale.z
      value: 1.0000001
      objectReference: {fileID: 0}
    - target: {fileID: 6417397074252146108, guid: 0ca13dfcef7c83547b0015ac50021e76,
        type: 3}
      propertyPath: m_Name
      value: EA_Prop_Wooden_Plank_01d_PRE (1)
      objectReference: {fileID: 0}
    m_RemovedComponents: []
  m_SourcePrefab: {fileID: 100100000, guid: 0ca13dfcef7c83547b0015ac50021e76, type: 3}
--- !u!4 &2431202124164643015 stripped
Transform:
  m_CorrespondingSourceObject: {fileID: 6417397074251856284, guid: 0ca13dfcef7c83547b0015ac50021e76,
    type: 3}
  m_PrefabInstance: {fileID: 8697138968798134619}
  m_PrefabAsset: {fileID: 0}
