%YAML 1.1
%TAG !u! tag:unity3d.com,2011:
--- !u!1 &4141336001539080819
GameObject:
  m_ObjectHideFlags: 0
  m_CorrespondingSourceObject: {fileID: 0}
  m_PrefabInstance: {fileID: 0}
  m_PrefabAsset: {fileID: 0}
  serializedVersion: 6
  m_Component:
  - component: {fileID: 4141336001539080818}
  m_Layer: 0
  m_Name: Orange_Row_House_Shop_Comp_Convex_01a_PRE
  m_TagString: Untagged
  m_Icon: {fileID: 0}
  m_NavMeshLayer: 0
  m_StaticEditorFlags: 0
  m_IsActive: 1
--- !u!4 &4141336001539080818
Transform:
  m_ObjectHideFlags: 0
  m_CorrespondingSourceObject: {fileID: 0}
  m_PrefabInstance: {fileID: 0}
  m_PrefabAsset: {fileID: 0}
  m_GameObject: {fileID: 4141336001539080819}
  m_LocalRotation: {x: 0, y: 0, z: 0, w: 1}
  m_LocalPosition: {x: 0, y: 0, z: 0}
  m_LocalScale: {x: 1, y: 1, z: 1}
  m_Children:
  - {fileID: 3014642306948175893}
  - {fileID: 7293452091972041665}
  - {fileID: 6646930123208826809}
  - {fileID: 2247388173011748274}
  - {fileID: 7293452093765341393}
  - {fileID: 3135197108946254847}
  - {fileID: 791316774385536244}
  - {fileID: 5443850895635411274}
  - {fileID: 6646930122075400566}
  - {fileID: 6195346746151650059}
  - {fileID: 67816000725677387}
  - {fileID: 4150485396035515503}
  - {fileID: 8886393173268557634}
  - {fileID: 142721511702110302}
  - {fileID: 1608182245283327778}
  - {fileID: 4150485395975528636}
  m_Father: {fileID: 0}
  m_RootOrder: 0
  m_LocalEulerAnglesHint: {x: 0, y: 0, z: 0}
--- !u!1001 &2687625187658468586
PrefabInstance:
  m_ObjectHideFlags: 0
  serializedVersion: 2
  m_Modification:
    m_TransformParent: {fileID: 4141336001539080818}
    m_Modifications:
    - target: {fileID: 5110826966268624370, guid: 59c294b2ae841774982cfe0c02534b11,
        type: 3}
      propertyPath: m_Name
      value: EA_Ground_Shop_Dirt_Orange_01a_PRE
      objectReference: {fileID: 0}
    - target: {fileID: 8121705180656521185, guid: 59c294b2ae841774982cfe0c02534b11,
        type: 3}
      propertyPath: m_LocalPosition.x
      value: 2.008789
      objectReference: {fileID: 0}
    - target: {fileID: 8121705180656521185, guid: 59c294b2ae841774982cfe0c02534b11,
        type: 3}
      propertyPath: m_LocalPosition.y
      value: 0.086380005
      objectReference: {fileID: 0}
    - target: {fileID: 8121705180656521185, guid: 59c294b2ae841774982cfe0c02534b11,
        type: 3}
      propertyPath: m_LocalPosition.z
      value: 1.9325943
      objectReference: {fileID: 0}
    - target: {fileID: 8121705180656521185, guid: 59c294b2ae841774982cfe0c02534b11,
        type: 3}
      propertyPath: m_LocalRotation.x
      value: -0
      objectReference: {fileID: 0}
    - target: {fileID: 8121705180656521185, guid: 59c294b2ae841774982cfe0c02534b11,
        type: 3}
      propertyPath: m_LocalRotation.y
      value: -0
      objectReference: {fileID: 0}
    - target: {fileID: 8121705180656521185, guid: 59c294b2ae841774982cfe0c02534b11,
        type: 3}
      propertyPath: m_LocalRotation.z
      value: -0
      objectReference: {fileID: 0}
    - target: {fileID: 8121705180656521185, guid: 59c294b2ae841774982cfe0c02534b11,
        type: 3}
      propertyPath: m_LocalRotation.w
      value: 1
      objectReference: {fileID: 0}
    - target: {fileID: 8121705180656521185, guid: 59c294b2ae841774982cfe0c02534b11,
        type: 3}
      propertyPath: m_RootOrder
      value: 9
      objectReference: {fileID: 0}
    - target: {fileID: 8121705180656521185, guid: 59c294b2ae841774982cfe0c02534b11,
        type: 3}
      propertyPath: m_LocalEulerAnglesHint.x
      value: 0
      objectReference: {fileID: 0}
    - target: {fileID: 8121705180656521185, guid: 59c294b2ae841774982cfe0c02534b11,
        type: 3}
      propertyPath: m_LocalEulerAnglesHint.y
      value: 0
      objectReference: {fileID: 0}
    - target: {fileID: 8121705180656521185, guid: 59c294b2ae841774982cfe0c02534b11,
        type: 3}
      propertyPath: m_LocalEulerAnglesHint.z
      value: 0
      objectReference: {fileID: 0}
    - target: {fileID: 8702512774400530725, guid: 59c294b2ae841774982cfe0c02534b11,
        type: 3}
      propertyPath: m_LocalReferencePoint.x
      value: -4.0000014
      objectReference: {fileID: 0}
    - target: {fileID: 8702512774400530725, guid: 59c294b2ae841774982cfe0c02534b11,
        type: 3}
      propertyPath: m_LocalReferencePoint.z
      value: -0.98362017
      objectReference: {fileID: 0}
    - target: {fileID: 8702512774400530725, guid: 59c294b2ae841774982cfe0c02534b11,
        type: 3}
      propertyPath: m_Size
      value: 8.000039
      objectReference: {fileID: 0}
    m_RemovedComponents: []
  m_SourcePrefab: {fileID: 100100000, guid: 59c294b2ae841774982cfe0c02534b11, type: 3}
--- !u!4 &6195346746151650059 stripped
Transform:
  m_CorrespondingSourceObject: {fileID: 8121705180656521185, guid: 59c294b2ae841774982cfe0c02534b11,
    type: 3}
  m_PrefabInstance: {fileID: 2687625187658468586}
  m_PrefabAsset: {fileID: 0}
--- !u!1001 &4141336000172593909
PrefabInstance:
  m_ObjectHideFlags: 0
  serializedVersion: 2
  m_Modification:
    m_TransformParent: {fileID: 4141336001539080818}
    m_Modifications:
    - target: {fileID: 63480702074778185, guid: 0846bc567e216ef44b2a5cd282588493,
        type: 3}
      propertyPath: m_LocalPosition.x
      value: -5.991211
      objectReference: {fileID: 0}
    - target: {fileID: 63480702074778185, guid: 0846bc567e216ef44b2a5cd282588493,
        type: 3}
      propertyPath: m_LocalPosition.y
      value: 8.08638
      objectReference: {fileID: 0}
    - target: {fileID: 63480702074778185, guid: 0846bc567e216ef44b2a5cd282588493,
        type: 3}
      propertyPath: m_LocalPosition.z
      value: 0.2995987
      objectReference: {fileID: 0}
    - target: {fileID: 63480702074778185, guid: 0846bc567e216ef44b2a5cd282588493,
        type: 3}
      propertyPath: m_LocalRotation.x
      value: -0
      objectReference: {fileID: 0}
    - target: {fileID: 63480702074778185, guid: 0846bc567e216ef44b2a5cd282588493,
        type: 3}
      propertyPath: m_LocalRotation.y
      value: -0
      objectReference: {fileID: 0}
    - target: {fileID: 63480702074778185, guid: 0846bc567e216ef44b2a5cd282588493,
        type: 3}
      propertyPath: m_LocalRotation.z
      value: -0
      objectReference: {fileID: 0}
    - target: {fileID: 63480702074778185, guid: 0846bc567e216ef44b2a5cd282588493,
        type: 3}
      propertyPath: m_LocalRotation.w
      value: 1
      objectReference: {fileID: 0}
    - target: {fileID: 63480702074778185, guid: 0846bc567e216ef44b2a5cd282588493,
        type: 3}
      propertyPath: m_RootOrder
      value: 15
      objectReference: {fileID: 0}
    - target: {fileID: 63480702074778185, guid: 0846bc567e216ef44b2a5cd282588493,
        type: 3}
      propertyPath: m_LocalEulerAnglesHint.x
      value: 0
      objectReference: {fileID: 0}
    - target: {fileID: 63480702074778185, guid: 0846bc567e216ef44b2a5cd282588493,
        type: 3}
      propertyPath: m_LocalEulerAnglesHint.y
      value: 0
      objectReference: {fileID: 0}
    - target: {fileID: 63480702074778185, guid: 0846bc567e216ef44b2a5cd282588493,
        type: 3}
      propertyPath: m_LocalEulerAnglesHint.z
      value: 0
      objectReference: {fileID: 0}
    - target: {fileID: 3943709083690106970, guid: 0846bc567e216ef44b2a5cd282588493,
        type: 3}
      propertyPath: m_Name
      value: EA_Roof_Narrow_Green_03_L_PRE (2)
      objectReference: {fileID: 0}
    m_RemovedComponents: []
  m_SourcePrefab: {fileID: 100100000, guid: 0846bc567e216ef44b2a5cd282588493, type: 3}
--- !u!4 &4150485395975528636 stripped
Transform:
  m_CorrespondingSourceObject: {fileID: 63480702074778185, guid: 0846bc567e216ef44b2a5cd282588493,
    type: 3}
  m_PrefabInstance: {fileID: 4141336000172593909}
  m_PrefabAsset: {fileID: 0}
--- !u!1001 &4141336000232605222
PrefabInstance:
  m_ObjectHideFlags: 0
  serializedVersion: 2
  m_Modification:
    m_TransformParent: {fileID: 4141336001539080818}
    m_Modifications:
    - target: {fileID: 63480702074778185, guid: 0846bc567e216ef44b2a5cd282588493,
        type: 3}
      propertyPath: m_LocalPosition.x
      value: 10.008789
      objectReference: {fileID: 0}
    - target: {fileID: 63480702074778185, guid: 0846bc567e216ef44b2a5cd282588493,
        type: 3}
      propertyPath: m_LocalPosition.y
      value: 8.08638
      objectReference: {fileID: 0}
    - target: {fileID: 63480702074778185, guid: 0846bc567e216ef44b2a5cd282588493,
        type: 3}
      propertyPath: m_LocalPosition.z
      value: 0.2995987
      objectReference: {fileID: 0}
    - target: {fileID: 63480702074778185, guid: 0846bc567e216ef44b2a5cd282588493,
        type: 3}
      propertyPath: m_LocalRotation.x
      value: -0
      objectReference: {fileID: 0}
    - target: {fileID: 63480702074778185, guid: 0846bc567e216ef44b2a5cd282588493,
        type: 3}
      propertyPath: m_LocalRotation.y
      value: -0
      objectReference: {fileID: 0}
    - target: {fileID: 63480702074778185, guid: 0846bc567e216ef44b2a5cd282588493,
        type: 3}
      propertyPath: m_LocalRotation.z
      value: -0
      objectReference: {fileID: 0}
    - target: {fileID: 63480702074778185, guid: 0846bc567e216ef44b2a5cd282588493,
        type: 3}
      propertyPath: m_LocalRotation.w
      value: 1
      objectReference: {fileID: 0}
    - target: {fileID: 63480702074778185, guid: 0846bc567e216ef44b2a5cd282588493,
        type: 3}
      propertyPath: m_RootOrder
      value: 11
      objectReference: {fileID: 0}
    - target: {fileID: 63480702074778185, guid: 0846bc567e216ef44b2a5cd282588493,
        type: 3}
      propertyPath: m_LocalEulerAnglesHint.x
      value: 0
      objectReference: {fileID: 0}
    - target: {fileID: 63480702074778185, guid: 0846bc567e216ef44b2a5cd282588493,
        type: 3}
      propertyPath: m_LocalEulerAnglesHint.y
      value: 0
      objectReference: {fileID: 0}
    - target: {fileID: 63480702074778185, guid: 0846bc567e216ef44b2a5cd282588493,
        type: 3}
      propertyPath: m_LocalEulerAnglesHint.z
      value: 0
      objectReference: {fileID: 0}
    - target: {fileID: 3943709083690106970, guid: 0846bc567e216ef44b2a5cd282588493,
        type: 3}
      propertyPath: m_Name
      value: EA_Roof_Narrow_Green_03_L_PRE (1)
      objectReference: {fileID: 0}
    m_RemovedComponents: []
  m_SourcePrefab: {fileID: 100100000, guid: 0846bc567e216ef44b2a5cd282588493, type: 3}
--- !u!4 &4150485396035515503 stripped
Transform:
  m_CorrespondingSourceObject: {fileID: 63480702074778185, guid: 0846bc567e216ef44b2a5cd282588493,
    type: 3}
  m_PrefabInstance: {fileID: 4141336000232605222}
  m_PrefabAsset: {fileID: 0}
--- !u!1001 &4141336000394247029
PrefabInstance:
  m_ObjectHideFlags: 0
  serializedVersion: 2
  m_Modification:
    m_TransformParent: {fileID: 4141336001539080818}
    m_Modifications:
    - target: {fileID: 5988944473326573279, guid: 1d18f1e818e29784fb0acb3e2bfbb8aa,
        type: 3}
      propertyPath: m_Name
      value: Orange_House_Shop_comp_01a_PRE
      objectReference: {fileID: 0}
    - target: {fileID: 7297617674979091660, guid: 1d18f1e818e29784fb0acb3e2bfbb8aa,
        type: 3}
      propertyPath: m_LocalPosition.x
      value: 6.008789
      objectReference: {fileID: 0}
    - target: {fileID: 7297617674979091660, guid: 1d18f1e818e29784fb0acb3e2bfbb8aa,
        type: 3}
      propertyPath: m_LocalPosition.y
      value: 4.08638
      objectReference: {fileID: 0}
    - target: {fileID: 7297617674979091660, guid: 1d18f1e818e29784fb0acb3e2bfbb8aa,
        type: 3}
      propertyPath: m_LocalPosition.z
      value: -2.0674057
      objectReference: {fileID: 0}
    - target: {fileID: 7297617674979091660, guid: 1d18f1e818e29784fb0acb3e2bfbb8aa,
        type: 3}
      propertyPath: m_LocalRotation.x
      value: -0
      objectReference: {fileID: 0}
    - target: {fileID: 7297617674979091660, guid: 1d18f1e818e29784fb0acb3e2bfbb8aa,
        type: 3}
      propertyPath: m_LocalRotation.y
      value: -0
      objectReference: {fileID: 0}
    - target: {fileID: 7297617674979091660, guid: 1d18f1e818e29784fb0acb3e2bfbb8aa,
        type: 3}
      propertyPath: m_LocalRotation.z
      value: -0
      objectReference: {fileID: 0}
    - target: {fileID: 7297617674979091660, guid: 1d18f1e818e29784fb0acb3e2bfbb8aa,
        type: 3}
      propertyPath: m_LocalRotation.w
      value: 1
      objectReference: {fileID: 0}
    - target: {fileID: 7297617674979091660, guid: 1d18f1e818e29784fb0acb3e2bfbb8aa,
        type: 3}
      propertyPath: m_RootOrder
      value: 2
      objectReference: {fileID: 0}
    - target: {fileID: 7297617674979091660, guid: 1d18f1e818e29784fb0acb3e2bfbb8aa,
        type: 3}
      propertyPath: m_LocalEulerAnglesHint.x
      value: 0
      objectReference: {fileID: 0}
    - target: {fileID: 7297617674979091660, guid: 1d18f1e818e29784fb0acb3e2bfbb8aa,
        type: 3}
      propertyPath: m_LocalEulerAnglesHint.y
      value: 0
      objectReference: {fileID: 0}
    - target: {fileID: 7297617674979091660, guid: 1d18f1e818e29784fb0acb3e2bfbb8aa,
        type: 3}
      propertyPath: m_LocalEulerAnglesHint.z
      value: 0
      objectReference: {fileID: 0}
    m_RemovedComponents: []
  m_SourcePrefab: {fileID: 100100000, guid: 1d18f1e818e29784fb0acb3e2bfbb8aa, type: 3}
--- !u!4 &6646930123208826809 stripped
Transform:
  m_CorrespondingSourceObject: {fileID: 7297617674979091660, guid: 1d18f1e818e29784fb0acb3e2bfbb8aa,
    type: 3}
  m_PrefabInstance: {fileID: 4141336000394247029}
  m_PrefabAsset: {fileID: 0}
--- !u!1001 &4141336000602209884
PrefabInstance:
  m_ObjectHideFlags: 0
  serializedVersion: 2
  m_Modification:
    m_TransformParent: {fileID: 4141336001539080818}
    m_Modifications:
    - target: {fileID: 6069983382848590681, guid: a3164c9e1d51a8d4e872ebce15cdd2f8,
        type: 3}
      propertyPath: m_LocalReferencePoint.z
      value: 0.42049348
      objectReference: {fileID: 0}
    - target: {fileID: 6069983382848590681, guid: a3164c9e1d51a8d4e872ebce15cdd2f8,
        type: 3}
      propertyPath: m_Size
      value: 4.840987
      objectReference: {fileID: 0}
    - target: {fileID: 6651666220866913693, guid: a3164c9e1d51a8d4e872ebce15cdd2f8,
        type: 3}
      propertyPath: m_LocalPosition.x
      value: 10.008789
      objectReference: {fileID: 0}
    - target: {fileID: 6651666220866913693, guid: a3164c9e1d51a8d4e872ebce15cdd2f8,
        type: 3}
      propertyPath: m_LocalPosition.y
      value: 4.08638
      objectReference: {fileID: 0}
    - target: {fileID: 6651666220866913693, guid: a3164c9e1d51a8d4e872ebce15cdd2f8,
        type: 3}
      propertyPath: m_LocalPosition.z
      value: -2.0674057
      objectReference: {fileID: 0}
    - target: {fileID: 6651666220866913693, guid: a3164c9e1d51a8d4e872ebce15cdd2f8,
        type: 3}
      propertyPath: m_LocalRotation.x
      value: -0
      objectReference: {fileID: 0}
    - target: {fileID: 6651666220866913693, guid: a3164c9e1d51a8d4e872ebce15cdd2f8,
        type: 3}
      propertyPath: m_LocalRotation.y
      value: -0
      objectReference: {fileID: 0}
    - target: {fileID: 6651666220866913693, guid: a3164c9e1d51a8d4e872ebce15cdd2f8,
        type: 3}
      propertyPath: m_LocalRotation.z
      value: -0
      objectReference: {fileID: 0}
    - target: {fileID: 6651666220866913693, guid: a3164c9e1d51a8d4e872ebce15cdd2f8,
        type: 3}
      propertyPath: m_LocalRotation.w
      value: 1
      objectReference: {fileID: 0}
    - target: {fileID: 6651666220866913693, guid: a3164c9e1d51a8d4e872ebce15cdd2f8,
        type: 3}
      propertyPath: m_RootOrder
      value: 1
      objectReference: {fileID: 0}
    - target: {fileID: 6651666220866913693, guid: a3164c9e1d51a8d4e872ebce15cdd2f8,
        type: 3}
      propertyPath: m_LocalEulerAnglesHint.x
      value: 0
      objectReference: {fileID: 0}
    - target: {fileID: 6651666220866913693, guid: a3164c9e1d51a8d4e872ebce15cdd2f8,
        type: 3}
      propertyPath: m_LocalEulerAnglesHint.y
      value: 0
      objectReference: {fileID: 0}
    - target: {fileID: 6651666220866913693, guid: a3164c9e1d51a8d4e872ebce15cdd2f8,
        type: 3}
      propertyPath: m_LocalEulerAnglesHint.z
      value: 0
      objectReference: {fileID: 0}
    - target: {fileID: 7643786108037904270, guid: a3164c9e1d51a8d4e872ebce15cdd2f8,
        type: 3}
      propertyPath: m_Name
      value: EA_Clean_Middle_Floor_Convex_Orange_05_Half_PRE (1)
      objectReference: {fileID: 0}
    m_RemovedComponents: []
  m_SourcePrefab: {fileID: 100100000, guid: a3164c9e1d51a8d4e872ebce15cdd2f8, type: 3}
--- !u!4 &7293452091972041665 stripped
Transform:
  m_CorrespondingSourceObject: {fileID: 6651666220866913693, guid: a3164c9e1d51a8d4e872ebce15cdd2f8,
    type: 3}
  m_PrefabInstance: {fileID: 4141336000602209884}
  m_PrefabAsset: {fileID: 0}
--- !u!1001 &4141336000717574572
PrefabInstance:
  m_ObjectHideFlags: 0
  serializedVersion: 2
  m_Modification:
    m_TransformParent: {fileID: 4141336001539080818}
    m_Modifications:
    - target: {fileID: 1158534909038405133, guid: 25f9eacbd11f39f4080f97723c43730d,
        type: 3}
      propertyPath: m_Name
      value: EA_Dirt_Corner_Floor_Convex_Orange_01_L_PRE (4)
      objectReference: {fileID: 0}
    - target: {fileID: 2758640058776507422, guid: 25f9eacbd11f39f4080f97723c43730d,
        type: 3}
      propertyPath: m_LocalPosition.x
      value: 10.008789
      objectReference: {fileID: 0}
    - target: {fileID: 2758640058776507422, guid: 25f9eacbd11f39f4080f97723c43730d,
        type: 3}
      propertyPath: m_LocalPosition.y
      value: 0.086380005
      objectReference: {fileID: 0}
    - target: {fileID: 2758640058776507422, guid: 25f9eacbd11f39f4080f97723c43730d,
        type: 3}
      propertyPath: m_LocalPosition.z
      value: -2.0674057
      objectReference: {fileID: 0}
    - target: {fileID: 2758640058776507422, guid: 25f9eacbd11f39f4080f97723c43730d,
        type: 3}
      propertyPath: m_LocalRotation.x
      value: -0
      objectReference: {fileID: 0}
    - target: {fileID: 2758640058776507422, guid: 25f9eacbd11f39f4080f97723c43730d,
        type: 3}
      propertyPath: m_LocalRotation.y
      value: -0
      objectReference: {fileID: 0}
    - target: {fileID: 2758640058776507422, guid: 25f9eacbd11f39f4080f97723c43730d,
        type: 3}
      propertyPath: m_LocalRotation.z
      value: -0
      objectReference: {fileID: 0}
    - target: {fileID: 2758640058776507422, guid: 25f9eacbd11f39f4080f97723c43730d,
        type: 3}
      propertyPath: m_LocalRotation.w
      value: 1
      objectReference: {fileID: 0}
    - target: {fileID: 2758640058776507422, guid: 25f9eacbd11f39f4080f97723c43730d,
        type: 3}
      propertyPath: m_RootOrder
      value: 3
      objectReference: {fileID: 0}
    - target: {fileID: 2758640058776507422, guid: 25f9eacbd11f39f4080f97723c43730d,
        type: 3}
      propertyPath: m_LocalEulerAnglesHint.x
      value: 0
      objectReference: {fileID: 0}
    - target: {fileID: 2758640058776507422, guid: 25f9eacbd11f39f4080f97723c43730d,
        type: 3}
      propertyPath: m_LocalEulerAnglesHint.y
      value: 0
      objectReference: {fileID: 0}
    - target: {fileID: 2758640058776507422, guid: 25f9eacbd11f39f4080f97723c43730d,
        type: 3}
      propertyPath: m_LocalEulerAnglesHint.z
      value: 0
      objectReference: {fileID: 0}
    m_RemovedComponents: []
  m_SourcePrefab: {fileID: 100100000, guid: 25f9eacbd11f39f4080f97723c43730d, type: 3}
--- !u!4 &2247388173011748274 stripped
Transform:
  m_CorrespondingSourceObject: {fileID: 2758640058776507422, guid: 25f9eacbd11f39f4080f97723c43730d,
    type: 3}
  m_PrefabInstance: {fileID: 4141336000717574572}
  m_PrefabAsset: {fileID: 0}
--- !u!1001 &4141336001160365794
PrefabInstance:
  m_ObjectHideFlags: 0
  serializedVersion: 2
  m_Modification:
    m_TransformParent: {fileID: 4141336001539080818}
    m_Modifications:
    - target: {fileID: 4767681038658021792, guid: 02ef8c1c7a2401941b49c84f99ff5110,
        type: 3}
      propertyPath: m_LocalPosition.x
      value: -1.9912109
      objectReference: {fileID: 0}
    - target: {fileID: 4767681038658021792, guid: 02ef8c1c7a2401941b49c84f99ff5110,
        type: 3}
      propertyPath: m_LocalPosition.y
      value: 8.08638
      objectReference: {fileID: 0}
    - target: {fileID: 4767681038658021792, guid: 02ef8c1c7a2401941b49c84f99ff5110,
        type: 3}
      propertyPath: m_LocalPosition.z
      value: -2.0674057
      objectReference: {fileID: 0}
    - target: {fileID: 4767681038658021792, guid: 02ef8c1c7a2401941b49c84f99ff5110,
        type: 3}
      propertyPath: m_LocalRotation.x
      value: -0
      objectReference: {fileID: 0}
    - target: {fileID: 4767681038658021792, guid: 02ef8c1c7a2401941b49c84f99ff5110,
        type: 3}
      propertyPath: m_LocalRotation.y
      value: -0
      objectReference: {fileID: 0}
    - target: {fileID: 4767681038658021792, guid: 02ef8c1c7a2401941b49c84f99ff5110,
        type: 3}
      propertyPath: m_LocalRotation.z
      value: -0
      objectReference: {fileID: 0}
    - target: {fileID: 4767681038658021792, guid: 02ef8c1c7a2401941b49c84f99ff5110,
        type: 3}
      propertyPath: m_LocalRotation.w
      value: 1
      objectReference: {fileID: 0}
    - target: {fileID: 4767681038658021792, guid: 02ef8c1c7a2401941b49c84f99ff5110,
        type: 3}
      propertyPath: m_RootOrder
      value: 12
      objectReference: {fileID: 0}
    - target: {fileID: 4767681038658021792, guid: 02ef8c1c7a2401941b49c84f99ff5110,
        type: 3}
      propertyPath: m_LocalEulerAnglesHint.x
      value: 0
      objectReference: {fileID: 0}
    - target: {fileID: 4767681038658021792, guid: 02ef8c1c7a2401941b49c84f99ff5110,
        type: 3}
      propertyPath: m_LocalEulerAnglesHint.y
      value: 0
      objectReference: {fileID: 0}
    - target: {fileID: 4767681038658021792, guid: 02ef8c1c7a2401941b49c84f99ff5110,
        type: 3}
      propertyPath: m_LocalEulerAnglesHint.z
      value: 0
      objectReference: {fileID: 0}
    - target: {fileID: 8390607960514321331, guid: 02ef8c1c7a2401941b49c84f99ff5110,
        type: 3}
      propertyPath: m_Name
      value: EA_Clean_Corner_Floor_Hollow_Orange_02_L_PRE (4)
      objectReference: {fileID: 0}
    m_RemovedComponents: []
  m_SourcePrefab: {fileID: 100100000, guid: 02ef8c1c7a2401941b49c84f99ff5110, type: 3}
--- !u!4 &8886393173268557634 stripped
Transform:
  m_CorrespondingSourceObject: {fileID: 4767681038658021792, guid: 02ef8c1c7a2401941b49c84f99ff5110,
    type: 3}
  m_PrefabInstance: {fileID: 4141336001160365794}
  m_PrefabAsset: {fileID: 0}
--- !u!1001 &4141336001233881146
PrefabInstance:
  m_ObjectHideFlags: 0
  serializedVersion: 2
  m_Modification:
    m_TransformParent: {fileID: 4141336001539080818}
    m_Modifications:
    - target: {fileID: 1069796824602925687, guid: b68130f53e0d99b46ba4bc2e0af95497,
        type: 3}
      propertyPath: m_Name
      value: EA_Middle_Floor_Clean_Hollow_Orange_04_PRE
      objectReference: {fileID: 0}
    - target: {fileID: 4072370426877749348, guid: b68130f53e0d99b46ba4bc2e0af95497,
        type: 3}
      propertyPath: m_LocalPosition.x
      value: 2.008789
      objectReference: {fileID: 0}
    - target: {fileID: 4072370426877749348, guid: b68130f53e0d99b46ba4bc2e0af95497,
        type: 3}
      propertyPath: m_LocalPosition.y
      value: 8.08638
      objectReference: {fileID: 0}
    - target: {fileID: 4072370426877749348, guid: b68130f53e0d99b46ba4bc2e0af95497,
        type: 3}
      propertyPath: m_LocalPosition.z
      value: -2.0674057
      objectReference: {fileID: 0}
    - target: {fileID: 4072370426877749348, guid: b68130f53e0d99b46ba4bc2e0af95497,
        type: 3}
      propertyPath: m_LocalRotation.x
      value: -0
      objectReference: {fileID: 0}
    - target: {fileID: 4072370426877749348, guid: b68130f53e0d99b46ba4bc2e0af95497,
        type: 3}
      propertyPath: m_LocalRotation.y
      value: -0
      objectReference: {fileID: 0}
    - target: {fileID: 4072370426877749348, guid: b68130f53e0d99b46ba4bc2e0af95497,
        type: 3}
      propertyPath: m_LocalRotation.z
      value: -0
      objectReference: {fileID: 0}
    - target: {fileID: 4072370426877749348, guid: b68130f53e0d99b46ba4bc2e0af95497,
        type: 3}
      propertyPath: m_LocalRotation.w
      value: 1
      objectReference: {fileID: 0}
    - target: {fileID: 4072370426877749348, guid: b68130f53e0d99b46ba4bc2e0af95497,
        type: 3}
      propertyPath: m_RootOrder
      value: 13
      objectReference: {fileID: 0}
    - target: {fileID: 4072370426877749348, guid: b68130f53e0d99b46ba4bc2e0af95497,
        type: 3}
      propertyPath: m_LocalEulerAnglesHint.x
      value: 0
      objectReference: {fileID: 0}
    - target: {fileID: 4072370426877749348, guid: b68130f53e0d99b46ba4bc2e0af95497,
        type: 3}
      propertyPath: m_LocalEulerAnglesHint.y
      value: 0
      objectReference: {fileID: 0}
    - target: {fileID: 4072370426877749348, guid: b68130f53e0d99b46ba4bc2e0af95497,
        type: 3}
      propertyPath: m_LocalEulerAnglesHint.z
      value: 0
      objectReference: {fileID: 0}
    m_RemovedComponents: []
  m_SourcePrefab: {fileID: 100100000, guid: b68130f53e0d99b46ba4bc2e0af95497, type: 3}
--- !u!4 &142721511702110302 stripped
Transform:
  m_CorrespondingSourceObject: {fileID: 4072370426877749348, guid: b68130f53e0d99b46ba4bc2e0af95497,
    type: 3}
  m_PrefabInstance: {fileID: 4141336001233881146}
  m_PrefabAsset: {fileID: 0}
--- !u!1001 &4141336001259261370
PrefabInstance:
  m_ObjectHideFlags: 0
  serializedVersion: 2
  m_Modification:
    m_TransformParent: {fileID: 4141336001539080818}
    m_Modifications:
    - target: {fileID: 5988944473326573279, guid: 1d18f1e818e29784fb0acb3e2bfbb8aa,
        type: 3}
      propertyPath: m_Name
      value: EA_Middle_Floor_Clean_Hollow_Orange_07_Half_PRE
      objectReference: {fileID: 0}
    - target: {fileID: 7297617674979091660, guid: 1d18f1e818e29784fb0acb3e2bfbb8aa,
        type: 3}
      propertyPath: m_LocalPosition.x
      value: -1.9912109
      objectReference: {fileID: 0}
    - target: {fileID: 7297617674979091660, guid: 1d18f1e818e29784fb0acb3e2bfbb8aa,
        type: 3}
      propertyPath: m_LocalPosition.y
      value: 4.08638
      objectReference: {fileID: 0}
    - target: {fileID: 7297617674979091660, guid: 1d18f1e818e29784fb0acb3e2bfbb8aa,
        type: 3}
      propertyPath: m_LocalPosition.z
      value: -2.0674057
      objectReference: {fileID: 0}
    - target: {fileID: 7297617674979091660, guid: 1d18f1e818e29784fb0acb3e2bfbb8aa,
        type: 3}
      propertyPath: m_LocalRotation.x
      value: -0
      objectReference: {fileID: 0}
    - target: {fileID: 7297617674979091660, guid: 1d18f1e818e29784fb0acb3e2bfbb8aa,
        type: 3}
      propertyPath: m_LocalRotation.y
      value: -0
      objectReference: {fileID: 0}
    - target: {fileID: 7297617674979091660, guid: 1d18f1e818e29784fb0acb3e2bfbb8aa,
        type: 3}
      propertyPath: m_LocalRotation.z
      value: -0
      objectReference: {fileID: 0}
    - target: {fileID: 7297617674979091660, guid: 1d18f1e818e29784fb0acb3e2bfbb8aa,
        type: 3}
      propertyPath: m_LocalRotation.w
      value: 1
      objectReference: {fileID: 0}
    - target: {fileID: 7297617674979091660, guid: 1d18f1e818e29784fb0acb3e2bfbb8aa,
        type: 3}
      propertyPath: m_RootOrder
      value: 8
      objectReference: {fileID: 0}
    - target: {fileID: 7297617674979091660, guid: 1d18f1e818e29784fb0acb3e2bfbb8aa,
        type: 3}
      propertyPath: m_LocalEulerAnglesHint.x
      value: 0
      objectReference: {fileID: 0}
    - target: {fileID: 7297617674979091660, guid: 1d18f1e818e29784fb0acb3e2bfbb8aa,
        type: 3}
      propertyPath: m_LocalEulerAnglesHint.y
      value: 0
      objectReference: {fileID: 0}
    - target: {fileID: 7297617674979091660, guid: 1d18f1e818e29784fb0acb3e2bfbb8aa,
        type: 3}
      propertyPath: m_LocalEulerAnglesHint.z
      value: 0
      objectReference: {fileID: 0}
    m_RemovedComponents: []
  m_SourcePrefab: {fileID: 100100000, guid: 1d18f1e818e29784fb0acb3e2bfbb8aa, type: 3}
--- !u!4 &6646930122075400566 stripped
Transform:
  m_CorrespondingSourceObject: {fileID: 7297617674979091660, guid: 1d18f1e818e29784fb0acb3e2bfbb8aa,
    type: 3}
  m_PrefabInstance: {fileID: 4141336001259261370}
  m_PrefabAsset: {fileID: 0}
--- !u!1001 &4141336001523846634
PrefabInstance:
  m_ObjectHideFlags: 0
  serializedVersion: 2
  m_Modification:
    m_TransformParent: {fileID: 4141336001539080818}
    m_Modifications:
    - target: {fileID: 1833752047241433307, guid: 4f19c9336ce64114183dbd67dddcc544,
        type: 3}
      propertyPath: m_Name
      value: EA_Roof_Green_05_PRE (5)
      objectReference: {fileID: 0}
    - target: {fileID: 3398408049670382280, guid: 4f19c9336ce64114183dbd67dddcc544,
        type: 3}
      propertyPath: m_LocalPosition.x
      value: 2.008789
      objectReference: {fileID: 0}
    - target: {fileID: 3398408049670382280, guid: 4f19c9336ce64114183dbd67dddcc544,
        type: 3}
      propertyPath: m_LocalPosition.y
      value: 12.08638
      objectReference: {fileID: 0}
    - target: {fileID: 3398408049670382280, guid: 4f19c9336ce64114183dbd67dddcc544,
        type: 3}
      propertyPath: m_LocalPosition.z
      value: -2.0674057
      objectReference: {fileID: 0}
    - target: {fileID: 3398408049670382280, guid: 4f19c9336ce64114183dbd67dddcc544,
        type: 3}
      propertyPath: m_LocalRotation.x
      value: -0
      objectReference: {fileID: 0}
    - target: {fileID: 3398408049670382280, guid: 4f19c9336ce64114183dbd67dddcc544,
        type: 3}
      propertyPath: m_LocalRotation.y
      value: -0
      objectReference: {fileID: 0}
    - target: {fileID: 3398408049670382280, guid: 4f19c9336ce64114183dbd67dddcc544,
        type: 3}
      propertyPath: m_LocalRotation.z
      value: -0
      objectReference: {fileID: 0}
    - target: {fileID: 3398408049670382280, guid: 4f19c9336ce64114183dbd67dddcc544,
        type: 3}
      propertyPath: m_LocalRotation.w
      value: 1
      objectReference: {fileID: 0}
    - target: {fileID: 3398408049670382280, guid: 4f19c9336ce64114183dbd67dddcc544,
        type: 3}
      propertyPath: m_RootOrder
      value: 14
      objectReference: {fileID: 0}
    - target: {fileID: 3398408049670382280, guid: 4f19c9336ce64114183dbd67dddcc544,
        type: 3}
      propertyPath: m_LocalEulerAnglesHint.x
      value: 0
      objectReference: {fileID: 0}
    - target: {fileID: 3398408049670382280, guid: 4f19c9336ce64114183dbd67dddcc544,
        type: 3}
      propertyPath: m_LocalEulerAnglesHint.y
      value: 0
      objectReference: {fileID: 0}
    - target: {fileID: 3398408049670382280, guid: 4f19c9336ce64114183dbd67dddcc544,
        type: 3}
      propertyPath: m_LocalEulerAnglesHint.z
      value: 0
      objectReference: {fileID: 0}
    m_RemovedComponents: []
  m_SourcePrefab: {fileID: 100100000, guid: 4f19c9336ce64114183dbd67dddcc544, type: 3}
--- !u!4 &1608182245283327778 stripped
Transform:
  m_CorrespondingSourceObject: {fileID: 3398408049670382280, guid: 4f19c9336ce64114183dbd67dddcc544,
    type: 3}
  m_PrefabInstance: {fileID: 4141336001523846634}
  m_PrefabAsset: {fileID: 0}
--- !u!1001 &4141336001553169959
PrefabInstance:
  m_ObjectHideFlags: 0
  serializedVersion: 2
  m_Modification:
    m_TransformParent: {fileID: 4141336001539080818}
    m_Modifications:
    - target: {fileID: 1367561627902035416, guid: 3be522ffb8413a345b9a4abd95164694,
        type: 3}
      propertyPath: m_LocalPosition.x
      value: 10.008789
      objectReference: {fileID: 0}
    - target: {fileID: 1367561627902035416, guid: 3be522ffb8413a345b9a4abd95164694,
        type: 3}
      propertyPath: m_LocalPosition.y
      value: 0.086380005
      objectReference: {fileID: 0}
    - target: {fileID: 1367561627902035416, guid: 3be522ffb8413a345b9a4abd95164694,
        type: 3}
      propertyPath: m_LocalPosition.z
      value: -2.0674057
      objectReference: {fileID: 0}
    - target: {fileID: 1367561627902035416, guid: 3be522ffb8413a345b9a4abd95164694,
        type: 3}
      propertyPath: m_LocalRotation.x
      value: -0
      objectReference: {fileID: 0}
    - target: {fileID: 1367561627902035416, guid: 3be522ffb8413a345b9a4abd95164694,
        type: 3}
      propertyPath: m_LocalRotation.y
      value: -0
      objectReference: {fileID: 0}
    - target: {fileID: 1367561627902035416, guid: 3be522ffb8413a345b9a4abd95164694,
        type: 3}
      propertyPath: m_LocalRotation.z
      value: -0
      objectReference: {fileID: 0}
    - target: {fileID: 1367561627902035416, guid: 3be522ffb8413a345b9a4abd95164694,
        type: 3}
      propertyPath: m_LocalRotation.w
      value: 1
      objectReference: {fileID: 0}
    - target: {fileID: 1367561627902035416, guid: 3be522ffb8413a345b9a4abd95164694,
        type: 3}
      propertyPath: m_RootOrder
      value: 5
      objectReference: {fileID: 0}
    - target: {fileID: 1367561627902035416, guid: 3be522ffb8413a345b9a4abd95164694,
        type: 3}
      propertyPath: m_LocalEulerAnglesHint.x
      value: 0
      objectReference: {fileID: 0}
    - target: {fileID: 1367561627902035416, guid: 3be522ffb8413a345b9a4abd95164694,
        type: 3}
      propertyPath: m_LocalEulerAnglesHint.y
      value: 0
      objectReference: {fileID: 0}
    - target: {fileID: 1367561627902035416, guid: 3be522ffb8413a345b9a4abd95164694,
        type: 3}
      propertyPath: m_LocalEulerAnglesHint.z
      value: 0
      objectReference: {fileID: 0}
    - target: {fileID: 1912077763486176028, guid: 3be522ffb8413a345b9a4abd95164694,
        type: 3}
      propertyPath: m_LocalReferencePoint.x
      value: -3.9999254
      objectReference: {fileID: 0}
    - target: {fileID: 1912077763486176028, guid: 3be522ffb8413a345b9a4abd95164694,
        type: 3}
      propertyPath: m_LocalReferencePoint.z
      value: 3.2109637
      objectReference: {fileID: 0}
    - target: {fileID: 1912077763486176028, guid: 3be522ffb8413a345b9a4abd95164694,
        type: 3}
      propertyPath: m_Size
      value: 8.000149
      objectReference: {fileID: 0}
    - target: {fileID: 2639628174498510795, guid: 3be522ffb8413a345b9a4abd95164694,
        type: 3}
      propertyPath: m_Name
      value: EA_Ground_Shop_Dirt_Orange_03c_PRE
      objectReference: {fileID: 0}
    m_RemovedComponents: []
  m_SourcePrefab: {fileID: 100100000, guid: 3be522ffb8413a345b9a4abd95164694, type: 3}
--- !u!4 &3135197108946254847 stripped
Transform:
  m_CorrespondingSourceObject: {fileID: 1367561627902035416, guid: 3be522ffb8413a345b9a4abd95164694,
    type: 3}
  m_PrefabInstance: {fileID: 4141336001553169959}
  m_PrefabAsset: {fileID: 0}
--- !u!1001 &4141336001651879603
PrefabInstance:
  m_ObjectHideFlags: 0
  serializedVersion: 2
  m_Modification:
    m_TransformParent: {fileID: 4141336001539080818}
    m_Modifications:
    - target: {fileID: 421351100187611220, guid: 6871f3ab580386447bc294cfcf633d9f,
        type: 3}
      propertyPath: m_Name
      value: EA_Dirt_Corner_Floor_Convex_Orange_01_R_PRE (4)
      objectReference: {fileID: 0}
    - target: {fileID: 3711996675522421319, guid: 6871f3ab580386447bc294cfcf633d9f,
        type: 3}
      propertyPath: m_LocalPosition.x
      value: -9.991211
      objectReference: {fileID: 0}
    - target: {fileID: 3711996675522421319, guid: 6871f3ab580386447bc294cfcf633d9f,
        type: 3}
      propertyPath: m_LocalPosition.y
      value: 0.086380005
      objectReference: {fileID: 0}
    - target: {fileID: 3711996675522421319, guid: 6871f3ab580386447bc294cfcf633d9f,
        type: 3}
      propertyPath: m_LocalPosition.z
      value: -2.0674057
      objectReference: {fileID: 0}
    - target: {fileID: 3711996675522421319, guid: 6871f3ab580386447bc294cfcf633d9f,
        type: 3}
      propertyPath: m_LocalRotation.x
      value: -0
      objectReference: {fileID: 0}
    - target: {fileID: 3711996675522421319, guid: 6871f3ab580386447bc294cfcf633d9f,
        type: 3}
      propertyPath: m_LocalRotation.y
      value: -0
      objectReference: {fileID: 0}
    - target: {fileID: 3711996675522421319, guid: 6871f3ab580386447bc294cfcf633d9f,
        type: 3}
      propertyPath: m_LocalRotation.z
      value: -0
      objectReference: {fileID: 0}
    - target: {fileID: 3711996675522421319, guid: 6871f3ab580386447bc294cfcf633d9f,
        type: 3}
      propertyPath: m_LocalRotation.w
      value: 1
      objectReference: {fileID: 0}
    - target: {fileID: 3711996675522421319, guid: 6871f3ab580386447bc294cfcf633d9f,
        type: 3}
      propertyPath: m_RootOrder
      value: 6
      objectReference: {fileID: 0}
    - target: {fileID: 3711996675522421319, guid: 6871f3ab580386447bc294cfcf633d9f,
        type: 3}
      propertyPath: m_LocalEulerAnglesHint.x
      value: 0
      objectReference: {fileID: 0}
    - target: {fileID: 3711996675522421319, guid: 6871f3ab580386447bc294cfcf633d9f,
        type: 3}
      propertyPath: m_LocalEulerAnglesHint.y
      value: 0
      objectReference: {fileID: 0}
    - target: {fileID: 3711996675522421319, guid: 6871f3ab580386447bc294cfcf633d9f,
        type: 3}
      propertyPath: m_LocalEulerAnglesHint.z
      value: 0
      objectReference: {fileID: 0}
    m_RemovedComponents: []
  m_SourcePrefab: {fileID: 100100000, guid: 6871f3ab580386447bc294cfcf633d9f, type: 3}
--- !u!4 &791316774385536244 stripped
Transform:
  m_CorrespondingSourceObject: {fileID: 3711996675522421319, guid: 6871f3ab580386447bc294cfcf633d9f,
    type: 3}
  m_PrefabInstance: {fileID: 4141336001651879603}
  m_PrefabAsset: {fileID: 0}
--- !u!1001 &4141336001726960331
PrefabInstance:
  m_ObjectHideFlags: 0
  serializedVersion: 2
  m_Modification:
    m_TransformParent: {fileID: 4141336001539080818}
    m_Modifications:
    - target: {fileID: 4949407018414002578, guid: cf7810fa9d4a72c449a018a479dae976,
        type: 3}
      propertyPath: m_Name
      value: EA_Ground_Dirt_Convex_Orange_01d_PRE
      objectReference: {fileID: 0}
    - target: {fileID: 8283398090861486977, guid: cf7810fa9d4a72c449a018a479dae976,
        type: 3}
      propertyPath: m_LocalPosition.x
      value: -5.991211
      objectReference: {fileID: 0}
    - target: {fileID: 8283398090861486977, guid: cf7810fa9d4a72c449a018a479dae976,
        type: 3}
      propertyPath: m_LocalPosition.y
      value: 0.086380005
      objectReference: {fileID: 0}
    - target: {fileID: 8283398090861486977, guid: cf7810fa9d4a72c449a018a479dae976,
        type: 3}
      propertyPath: m_LocalPosition.z
      value: -2.0699081
      objectReference: {fileID: 0}
    - target: {fileID: 8283398090861486977, guid: cf7810fa9d4a72c449a018a479dae976,
        type: 3}
      propertyPath: m_LocalRotation.x
      value: -0
      objectReference: {fileID: 0}
    - target: {fileID: 8283398090861486977, guid: cf7810fa9d4a72c449a018a479dae976,
        type: 3}
      propertyPath: m_LocalRotation.y
      value: -0
      objectReference: {fileID: 0}
    - target: {fileID: 8283398090861486977, guid: cf7810fa9d4a72c449a018a479dae976,
        type: 3}
      propertyPath: m_LocalRotation.z
      value: -0
      objectReference: {fileID: 0}
    - target: {fileID: 8283398090861486977, guid: cf7810fa9d4a72c449a018a479dae976,
        type: 3}
      propertyPath: m_LocalRotation.w
      value: 1
      objectReference: {fileID: 0}
    - target: {fileID: 8283398090861486977, guid: cf7810fa9d4a72c449a018a479dae976,
        type: 3}
      propertyPath: m_RootOrder
      value: 7
      objectReference: {fileID: 0}
    - target: {fileID: 8283398090861486977, guid: cf7810fa9d4a72c449a018a479dae976,
        type: 3}
      propertyPath: m_LocalEulerAnglesHint.x
      value: 0
      objectReference: {fileID: 0}
    - target: {fileID: 8283398090861486977, guid: cf7810fa9d4a72c449a018a479dae976,
        type: 3}
      propertyPath: m_LocalEulerAnglesHint.y
      value: 0
      objectReference: {fileID: 0}
    - target: {fileID: 8283398090861486977, guid: cf7810fa9d4a72c449a018a479dae976,
        type: 3}
      propertyPath: m_LocalEulerAnglesHint.z
      value: 0
      objectReference: {fileID: 0}
    m_RemovedComponents: []
  m_SourcePrefab: {fileID: 100100000, guid: cf7810fa9d4a72c449a018a479dae976, type: 3}
--- !u!4 &5443850895635411274 stripped
Transform:
  m_CorrespondingSourceObject: {fileID: 8283398090861486977, guid: cf7810fa9d4a72c449a018a479dae976,
    type: 3}
  m_PrefabInstance: {fileID: 4141336001726960331}
  m_PrefabAsset: {fileID: 0}
--- !u!1001 &4141336001753290060
PrefabInstance:
  m_ObjectHideFlags: 0
  serializedVersion: 2
  m_Modification:
    m_TransformParent: {fileID: 4141336001539080818}
    m_Modifications:
    - target: {fileID: 6069983382848590681, guid: a3164c9e1d51a8d4e872ebce15cdd2f8,
        type: 3}
      propertyPath: m_LocalReferencePoint.z
      value: 0.42049348
      objectReference: {fileID: 0}
    - target: {fileID: 6069983382848590681, guid: a3164c9e1d51a8d4e872ebce15cdd2f8,
        type: 3}
      propertyPath: m_Size
      value: 4.840987
      objectReference: {fileID: 0}
    - target: {fileID: 6651666220866913693, guid: a3164c9e1d51a8d4e872ebce15cdd2f8,
        type: 3}
      propertyPath: m_LocalPosition.x
      value: -5.991211
      objectReference: {fileID: 0}
    - target: {fileID: 6651666220866913693, guid: a3164c9e1d51a8d4e872ebce15cdd2f8,
        type: 3}
      propertyPath: m_LocalPosition.y
      value: 4.08638
      objectReference: {fileID: 0}
    - target: {fileID: 6651666220866913693, guid: a3164c9e1d51a8d4e872ebce15cdd2f8,
        type: 3}
      propertyPath: m_LocalPosition.z
      value: -2.0674057
      objectReference: {fileID: 0}
    - target: {fileID: 6651666220866913693, guid: a3164c9e1d51a8d4e872ebce15cdd2f8,
        type: 3}
      propertyPath: m_LocalRotation.x
      value: -0
      objectReference: {fileID: 0}
    - target: {fileID: 6651666220866913693, guid: a3164c9e1d51a8d4e872ebce15cdd2f8,
        type: 3}
      propertyPath: m_LocalRotation.y
      value: -0
      objectReference: {fileID: 0}
    - target: {fileID: 6651666220866913693, guid: a3164c9e1d51a8d4e872ebce15cdd2f8,
        type: 3}
      propertyPath: m_LocalRotation.z
      value: -0
      objectReference: {fileID: 0}
    - target: {fileID: 6651666220866913693, guid: a3164c9e1d51a8d4e872ebce15cdd2f8,
        type: 3}
      propertyPath: m_LocalRotation.w
      value: 1
      objectReference: {fileID: 0}
    - target: {fileID: 6651666220866913693, guid: a3164c9e1d51a8d4e872ebce15cdd2f8,
        type: 3}
      propertyPath: m_RootOrder
      value: 4
      objectReference: {fileID: 0}
    - target: {fileID: 6651666220866913693, guid: a3164c9e1d51a8d4e872ebce15cdd2f8,
        type: 3}
      propertyPath: m_LocalEulerAnglesHint.x
      value: 0
      objectReference: {fileID: 0}
    - target: {fileID: 6651666220866913693, guid: a3164c9e1d51a8d4e872ebce15cdd2f8,
        type: 3}
      propertyPath: m_LocalEulerAnglesHint.y
      value: 0
      objectReference: {fileID: 0}
    - target: {fileID: 6651666220866913693, guid: a3164c9e1d51a8d4e872ebce15cdd2f8,
        type: 3}
      propertyPath: m_LocalEulerAnglesHint.z
      value: 0
      objectReference: {fileID: 0}
    - target: {fileID: 7643786108037904270, guid: a3164c9e1d51a8d4e872ebce15cdd2f8,
        type: 3}
      propertyPath: m_Name
      value: EA_Clean_Middle_Floor_Convex_Orange_05_Half_PRE
      objectReference: {fileID: 0}
    m_RemovedComponents: []
  m_SourcePrefab: {fileID: 100100000, guid: a3164c9e1d51a8d4e872ebce15cdd2f8, type: 3}
--- !u!4 &7293452093765341393 stripped
Transform:
  m_CorrespondingSourceObject: {fileID: 6651666220866913693, guid: a3164c9e1d51a8d4e872ebce15cdd2f8,
    type: 3}
  m_PrefabInstance: {fileID: 4141336001753290060}
  m_PrefabAsset: {fileID: 0}
--- !u!1001 &4141336001787636295
PrefabInstance:
  m_ObjectHideFlags: 0
  serializedVersion: 2
  m_Modification:
    m_TransformParent: {fileID: 4141336001539080818}
    m_Modifications:
    - target: {fileID: 1140339471277305119, guid: 1f4d25a4b1b16714980c31f3b4cdba06,
        type: 3}
      propertyPath: m_Name
      value: EA_Clean_Corner_Floor_Hollow_Orange_02_R_PRE (4)
      objectReference: {fileID: 0}
    - target: {fileID: 4145587019105558284, guid: 1f4d25a4b1b16714980c31f3b4cdba06,
        type: 3}
      propertyPath: m_LocalPosition.x
      value: 2.008789
      objectReference: {fileID: 0}
    - target: {fileID: 4145587019105558284, guid: 1f4d25a4b1b16714980c31f3b4cdba06,
        type: 3}
      propertyPath: m_LocalPosition.y
      value: 8.08638
      objectReference: {fileID: 0}
    - target: {fileID: 4145587019105558284, guid: 1f4d25a4b1b16714980c31f3b4cdba06,
        type: 3}
      propertyPath: m_LocalPosition.z
      value: -2.0674057
      objectReference: {fileID: 0}
    - target: {fileID: 4145587019105558284, guid: 1f4d25a4b1b16714980c31f3b4cdba06,
        type: 3}
      propertyPath: m_LocalRotation.x
      value: -0
      objectReference: {fileID: 0}
    - target: {fileID: 4145587019105558284, guid: 1f4d25a4b1b16714980c31f3b4cdba06,
        type: 3}
      propertyPath: m_LocalRotation.y
      value: -0
      objectReference: {fileID: 0}
    - target: {fileID: 4145587019105558284, guid: 1f4d25a4b1b16714980c31f3b4cdba06,
        type: 3}
      propertyPath: m_LocalRotation.z
      value: -0
      objectReference: {fileID: 0}
    - target: {fileID: 4145587019105558284, guid: 1f4d25a4b1b16714980c31f3b4cdba06,
        type: 3}
      propertyPath: m_LocalRotation.w
      value: 1
      objectReference: {fileID: 0}
    - target: {fileID: 4145587019105558284, guid: 1f4d25a4b1b16714980c31f3b4cdba06,
        type: 3}
      propertyPath: m_RootOrder
      value: 10
      objectReference: {fileID: 0}
    - target: {fileID: 4145587019105558284, guid: 1f4d25a4b1b16714980c31f3b4cdba06,
        type: 3}
      propertyPath: m_LocalEulerAnglesHint.x
      value: 0
      objectReference: {fileID: 0}
    - target: {fileID: 4145587019105558284, guid: 1f4d25a4b1b16714980c31f3b4cdba06,
        type: 3}
      propertyPath: m_LocalEulerAnglesHint.y
      value: 0
      objectReference: {fileID: 0}
    - target: {fileID: 4145587019105558284, guid: 1f4d25a4b1b16714980c31f3b4cdba06,
        type: 3}
      propertyPath: m_LocalEulerAnglesHint.z
      value: 0
      objectReference: {fileID: 0}
    m_RemovedComponents: []
  m_SourcePrefab: {fileID: 100100000, guid: 1f4d25a4b1b16714980c31f3b4cdba06, type: 3}
--- !u!4 &67816000725677387 stripped
Transform:
  m_CorrespondingSourceObject: {fileID: 4145587019105558284, guid: 1f4d25a4b1b16714980c31f3b4cdba06,
    type: 3}
  m_PrefabInstance: {fileID: 4141336001787636295}
  m_PrefabAsset: {fileID: 0}
--- !u!1001 &4141336001973359698
PrefabInstance:
  m_ObjectHideFlags: 0
  serializedVersion: 2
  m_Modification:
    m_TransformParent: {fileID: 4141336001539080818}
    m_Modifications:
    - target: {fileID: 1202129126843616327, guid: f35e801f2bee43847a56867f69d57d75,
        type: 3}
      propertyPath: m_LocalPosition.x
      value: 2.008789
      objectReference: {fileID: 0}
    - target: {fileID: 1202129126843616327, guid: f35e801f2bee43847a56867f69d57d75,
        type: 3}
      propertyPath: m_LocalPosition.y
      value: 4.08638
      objectReference: {fileID: 0}
    - target: {fileID: 1202129126843616327, guid: f35e801f2bee43847a56867f69d57d75,
        type: 3}
      propertyPath: m_LocalPosition.z
      value: -2.0674057
      objectReference: {fileID: 0}
    - target: {fileID: 1202129126843616327, guid: f35e801f2bee43847a56867f69d57d75,
        type: 3}
      propertyPath: m_LocalRotation.x
      value: -0
      objectReference: {fileID: 0}
    - target: {fileID: 1202129126843616327, guid: f35e801f2bee43847a56867f69d57d75,
        type: 3}
      propertyPath: m_LocalRotation.y
      value: -0
      objectReference: {fileID: 0}
    - target: {fileID: 1202129126843616327, guid: f35e801f2bee43847a56867f69d57d75,
        type: 3}
      propertyPath: m_LocalRotation.z
      value: -0
      objectReference: {fileID: 0}
    - target: {fileID: 1202129126843616327, guid: f35e801f2bee43847a56867f69d57d75,
        type: 3}
      propertyPath: m_LocalRotation.w
      value: 1
      objectReference: {fileID: 0}
    - target: {fileID: 1202129126843616327, guid: f35e801f2bee43847a56867f69d57d75,
        type: 3}
      propertyPath: m_RootOrder
      value: 0
      objectReference: {fileID: 0}
    - target: {fileID: 1202129126843616327, guid: f35e801f2bee43847a56867f69d57d75,
        type: 3}
      propertyPath: m_LocalEulerAnglesHint.x
      value: 0
      objectReference: {fileID: 0}
    - target: {fileID: 1202129126843616327, guid: f35e801f2bee43847a56867f69d57d75,
        type: 3}
      propertyPath: m_LocalEulerAnglesHint.y
      value: 0
      objectReference: {fileID: 0}
    - target: {fileID: 1202129126843616327, guid: f35e801f2bee43847a56867f69d57d75,
        type: 3}
      propertyPath: m_LocalEulerAnglesHint.z
      value: 0
      objectReference: {fileID: 0}
    - target: {fileID: 2807303645458923092, guid: f35e801f2bee43847a56867f69d57d75,
        type: 3}
      propertyPath: m_Name
      value: EA_Middle_Floor_Clean_Hollow_Orange_01_PRE (8)
      objectReference: {fileID: 0}
    m_RemovedComponents: []
  m_SourcePrefab: {fileID: 100100000, guid: f35e801f2bee43847a56867f69d57d75, type: 3}
--- !u!4 &3014642306948175893 stripped
Transform:
  m_CorrespondingSourceObject: {fileID: 1202129126843616327, guid: f35e801f2bee43847a56867f69d57d75,
    type: 3}
  m_PrefabInstance: {fileID: 4141336001973359698}
  m_PrefabAsset: {fileID: 0}
