%YAML 1.1
%TAG !u! tag:unity3d.com,2011:
--- !u!1 &282598331105259942
GameObject:
  m_ObjectHideFlags: 0
  m_CorrespondingSourceObject: {fileID: 0}
  m_PrefabInstance: {fileID: 0}
  m_PrefabAsset: {fileID: 0}
  serializedVersion: 6
  m_Component:
  - component: {fileID: 282598331105259941}
  m_Layer: 0
  m_Name: Orange_Row_House_Shop_Comp_Convex_01b_PRE 1
  m_TagString: Untagged
  m_Icon: {fileID: 0}
  m_NavMeshLayer: 0
  m_StaticEditorFlags: 0
  m_IsActive: 1
--- !u!4 &282598331105259941
Transform:
  m_ObjectHideFlags: 0
  m_CorrespondingSourceObject: {fileID: 0}
  m_PrefabInstance: {fileID: 0}
  m_PrefabAsset: {fileID: 0}
  m_GameObject: {fileID: 282598331105259942}
  m_LocalRotation: {x: 0, y: 0, z: 0, w: 1}
  m_LocalPosition: {x: 0, y: 0, z: 0}
  m_LocalScale: {x: 1, y: 1, z: 1}
  m_Children:
  - {fileID: 8229846437907256915}
  - {fileID: 3225263096890872108}
  - {fileID: 3732268481876056492}
  - {fileID: 2885921514980596388}
  - {fileID: 1388568550204040425}
  - {fileID: 3225263096463694238}
  - {fileID: 6739645664152452328}
  - {fileID: 3627892734599854370}
  - {fileID: 2712105043976527862}
  m_Father: {fileID: 0}
  m_RootOrder: 0
  m_LocalEulerAnglesHint: {x: 0, y: 0, z: 0}
--- !u!1001 &282598330081142958
PrefabInstance:
  m_ObjectHideFlags: 0
  serializedVersion: 2
  m_Modification:
    m_TransformParent: {fileID: 282598331105259941}
    m_Modifications:
    - target: {fileID: 1202129126843616327, guid: f35e801f2bee43847a56867f69d57d75,
        type: 3}
      propertyPath: m_LocalPosition.x
      value: 3.9678955
      objectReference: {fileID: 0}
    - target: {fileID: 1202129126843616327, guid: f35e801f2bee43847a56867f69d57d75,
        type: 3}
      propertyPath: m_LocalPosition.y
      value: 4.095707
      objectReference: {fileID: 0}
    - target: {fileID: 1202129126843616327, guid: f35e801f2bee43847a56867f69d57d75,
        type: 3}
      propertyPath: m_LocalPosition.z
      value: -2.4051666
      objectReference: {fileID: 0}
    - target: {fileID: 1202129126843616327, guid: f35e801f2bee43847a56867f69d57d75,
        type: 3}
      propertyPath: m_LocalRotation.x
      value: -0
      objectReference: {fileID: 0}
    - target: {fileID: 1202129126843616327, guid: f35e801f2bee43847a56867f69d57d75,
        type: 3}
      propertyPath: m_LocalRotation.y
      value: -0
      objectReference: {fileID: 0}
    - target: {fileID: 1202129126843616327, guid: f35e801f2bee43847a56867f69d57d75,
        type: 3}
      propertyPath: m_LocalRotation.z
      value: -0
      objectReference: {fileID: 0}
    - target: {fileID: 1202129126843616327, guid: f35e801f2bee43847a56867f69d57d75,
        type: 3}
      propertyPath: m_LocalRotation.w
      value: 1
      objectReference: {fileID: 0}
    - target: {fileID: 1202129126843616327, guid: f35e801f2bee43847a56867f69d57d75,
        type: 3}
      propertyPath: m_RootOrder
      value: 4
      objectReference: {fileID: 0}
    - target: {fileID: 1202129126843616327, guid: f35e801f2bee43847a56867f69d57d75,
        type: 3}
      propertyPath: m_LocalEulerAnglesHint.x
      value: 0
      objectReference: {fileID: 0}
    - target: {fileID: 1202129126843616327, guid: f35e801f2bee43847a56867f69d57d75,
        type: 3}
      propertyPath: m_LocalEulerAnglesHint.y
      value: 0
      objectReference: {fileID: 0}
    - target: {fileID: 1202129126843616327, guid: f35e801f2bee43847a56867f69d57d75,
        type: 3}
      propertyPath: m_LocalEulerAnglesHint.z
      value: 0
      objectReference: {fileID: 0}
    - target: {fileID: 2807303645458923092, guid: f35e801f2bee43847a56867f69d57d75,
        type: 3}
      propertyPath: m_Name
      value: EA_Middle_Floor_Clean_Hollow_Orange_01_PRE (7)
      objectReference: {fileID: 0}
    m_RemovedComponents: []
  m_SourcePrefab: {fileID: 100100000, guid: f35e801f2bee43847a56867f69d57d75, type: 3}
--- !u!4 &1388568550204040425 stripped
Transform:
  m_CorrespondingSourceObject: {fileID: 1202129126843616327, guid: f35e801f2bee43847a56867f69d57d75,
    type: 3}
  m_PrefabInstance: {fileID: 282598330081142958}
  m_PrefabAsset: {fileID: 0}
--- !u!1001 &282598330266579520
PrefabInstance:
  m_ObjectHideFlags: 0
  serializedVersion: 2
  m_Modification:
    m_TransformParent: {fileID: 282598331105259941}
    m_Modifications:
    - target: {fileID: 3237540234166577046, guid: 3f6ad4990735c1740bf09c4e9bde87bf,
        type: 3}
      propertyPath: m_LocalPosition.x
      value: 0
      objectReference: {fileID: 0}
    - target: {fileID: 3237540234166577046, guid: 3f6ad4990735c1740bf09c4e9bde87bf,
        type: 3}
      propertyPath: m_LocalPosition.y
      value: 0
      objectReference: {fileID: 0}
    - target: {fileID: 3237540234166577046, guid: 3f6ad4990735c1740bf09c4e9bde87bf,
        type: 3}
      propertyPath: m_LocalPosition.z
      value: 4
      objectReference: {fileID: 0}
    - target: {fileID: 6801549976416980648, guid: 3f6ad4990735c1740bf09c4e9bde87bf,
        type: 3}
      propertyPath: m_LocalPosition.x
      value: -0.032104492
      objectReference: {fileID: 0}
    - target: {fileID: 6801549976416980648, guid: 3f6ad4990735c1740bf09c4e9bde87bf,
        type: 3}
      propertyPath: m_LocalPosition.y
      value: 8.095707
      objectReference: {fileID: 0}
    - target: {fileID: 6801549976416980648, guid: 3f6ad4990735c1740bf09c4e9bde87bf,
        type: 3}
      propertyPath: m_LocalPosition.z
      value: -2.4051666
      objectReference: {fileID: 0}
    - target: {fileID: 6801549976416980648, guid: 3f6ad4990735c1740bf09c4e9bde87bf,
        type: 3}
      propertyPath: m_LocalRotation.x
      value: -0
      objectReference: {fileID: 0}
    - target: {fileID: 6801549976416980648, guid: 3f6ad4990735c1740bf09c4e9bde87bf,
        type: 3}
      propertyPath: m_LocalRotation.y
      value: -0
      objectReference: {fileID: 0}
    - target: {fileID: 6801549976416980648, guid: 3f6ad4990735c1740bf09c4e9bde87bf,
        type: 3}
      propertyPath: m_LocalRotation.z
      value: -0
      objectReference: {fileID: 0}
    - target: {fileID: 6801549976416980648, guid: 3f6ad4990735c1740bf09c4e9bde87bf,
        type: 3}
      propertyPath: m_LocalRotation.w
      value: 1
      objectReference: {fileID: 0}
    - target: {fileID: 6801549976416980648, guid: 3f6ad4990735c1740bf09c4e9bde87bf,
        type: 3}
      propertyPath: m_RootOrder
      value: 6
      objectReference: {fileID: 0}
    - target: {fileID: 6801549976416980648, guid: 3f6ad4990735c1740bf09c4e9bde87bf,
        type: 3}
      propertyPath: m_LocalEulerAnglesHint.x
      value: 0
      objectReference: {fileID: 0}
    - target: {fileID: 6801549976416980648, guid: 3f6ad4990735c1740bf09c4e9bde87bf,
        type: 3}
      propertyPath: m_LocalEulerAnglesHint.y
      value: 0
      objectReference: {fileID: 0}
    - target: {fileID: 6801549976416980648, guid: 3f6ad4990735c1740bf09c4e9bde87bf,
        type: 3}
      propertyPath: m_LocalEulerAnglesHint.z
      value: 0
      objectReference: {fileID: 0}
    - target: {fileID: 7509941985171504315, guid: 3f6ad4990735c1740bf09c4e9bde87bf,
        type: 3}
      propertyPath: m_Name
      value: EA_Clean_Middle_Floor_Convex_Orange_11_PRE (1)
      objectReference: {fileID: 0}
    m_RemovedComponents: []
  m_SourcePrefab: {fileID: 100100000, guid: 3f6ad4990735c1740bf09c4e9bde87bf, type: 3}
--- !u!4 &6739645664152452328 stripped
Transform:
  m_CorrespondingSourceObject: {fileID: 6801549976416980648, guid: 3f6ad4990735c1740bf09c4e9bde87bf,
    type: 3}
  m_PrefabInstance: {fileID: 282598330266579520}
  m_PrefabAsset: {fileID: 0}
--- !u!1001 &282598330398899030
PrefabInstance:
  m_ObjectHideFlags: 0
  serializedVersion: 2
  m_Modification:
    m_TransformParent: {fileID: 282598331105259941}
    m_Modifications:
    - target: {fileID: 1833752047241433307, guid: 4f19c9336ce64114183dbd67dddcc544,
        type: 3}
      propertyPath: m_Name
      value: EA_Roof_Green_05_PRE (3)
      objectReference: {fileID: 0}
    - target: {fileID: 3398408049670382280, guid: 4f19c9336ce64114183dbd67dddcc544,
        type: 3}
      propertyPath: m_LocalPosition.x
      value: 3.9678955
      objectReference: {fileID: 0}
    - target: {fileID: 3398408049670382280, guid: 4f19c9336ce64114183dbd67dddcc544,
        type: 3}
      propertyPath: m_LocalPosition.y
      value: 8.095707
      objectReference: {fileID: 0}
    - target: {fileID: 3398408049670382280, guid: 4f19c9336ce64114183dbd67dddcc544,
        type: 3}
      propertyPath: m_LocalPosition.z
      value: -2.4051666
      objectReference: {fileID: 0}
    - target: {fileID: 3398408049670382280, guid: 4f19c9336ce64114183dbd67dddcc544,
        type: 3}
      propertyPath: m_LocalRotation.x
      value: -0
      objectReference: {fileID: 0}
    - target: {fileID: 3398408049670382280, guid: 4f19c9336ce64114183dbd67dddcc544,
        type: 3}
      propertyPath: m_LocalRotation.y
      value: -0
      objectReference: {fileID: 0}
    - target: {fileID: 3398408049670382280, guid: 4f19c9336ce64114183dbd67dddcc544,
        type: 3}
      propertyPath: m_LocalRotation.z
      value: -0
      objectReference: {fileID: 0}
    - target: {fileID: 3398408049670382280, guid: 4f19c9336ce64114183dbd67dddcc544,
        type: 3}
      propertyPath: m_LocalRotation.w
      value: 1
      objectReference: {fileID: 0}
    - target: {fileID: 3398408049670382280, guid: 4f19c9336ce64114183dbd67dddcc544,
        type: 3}
      propertyPath: m_RootOrder
      value: 5
      objectReference: {fileID: 0}
    - target: {fileID: 3398408049670382280, guid: 4f19c9336ce64114183dbd67dddcc544,
        type: 3}
      propertyPath: m_LocalEulerAnglesHint.x
      value: 0
      objectReference: {fileID: 0}
    - target: {fileID: 3398408049670382280, guid: 4f19c9336ce64114183dbd67dddcc544,
        type: 3}
      propertyPath: m_LocalEulerAnglesHint.y
      value: 0
      objectReference: {fileID: 0}
    - target: {fileID: 3398408049670382280, guid: 4f19c9336ce64114183dbd67dddcc544,
        type: 3}
      propertyPath: m_LocalEulerAnglesHint.z
      value: 0
      objectReference: {fileID: 0}
    m_RemovedComponents: []
  m_SourcePrefab: {fileID: 100100000, guid: 4f19c9336ce64114183dbd67dddcc544, type: 3}
--- !u!4 &3225263096463694238 stripped
Transform:
  m_CorrespondingSourceObject: {fileID: 3398408049670382280, guid: 4f19c9336ce64114183dbd67dddcc544,
    type: 3}
  m_PrefabInstance: {fileID: 282598330398899030}
  m_PrefabAsset: {fileID: 0}
--- !u!1001 &282598330509852813
PrefabInstance:
  m_ObjectHideFlags: 0
  serializedVersion: 2
  m_Modification:
    m_TransformParent: {fileID: 282598331105259941}
    m_Modifications:
    - target: {fileID: 2142726215833561146, guid: 1405baac3676dc2498b976dd42248782,
        type: 3}
      propertyPath: m_Name
      value: EA_Ground_Shop_Dirt_Orange_04a_PRE
      objectReference: {fileID: 0}
    - target: {fileID: 3163541230533204521, guid: 1405baac3676dc2498b976dd42248782,
        type: 3}
      propertyPath: m_LocalPosition.x
      value: 3.9678955
      objectReference: {fileID: 0}
    - target: {fileID: 3163541230533204521, guid: 1405baac3676dc2498b976dd42248782,
        type: 3}
      propertyPath: m_LocalPosition.y
      value: 0.09150314
      objectReference: {fileID: 0}
    - target: {fileID: 3163541230533204521, guid: 1405baac3676dc2498b976dd42248782,
        type: 3}
      propertyPath: m_LocalPosition.z
      value: -2.4051666
      objectReference: {fileID: 0}
    - target: {fileID: 3163541230533204521, guid: 1405baac3676dc2498b976dd42248782,
        type: 3}
      propertyPath: m_LocalRotation.x
      value: -0
      objectReference: {fileID: 0}
    - target: {fileID: 3163541230533204521, guid: 1405baac3676dc2498b976dd42248782,
        type: 3}
      propertyPath: m_LocalRotation.y
      value: -0
      objectReference: {fileID: 0}
    - target: {fileID: 3163541230533204521, guid: 1405baac3676dc2498b976dd42248782,
        type: 3}
      propertyPath: m_LocalRotation.z
      value: -0
      objectReference: {fileID: 0}
    - target: {fileID: 3163541230533204521, guid: 1405baac3676dc2498b976dd42248782,
        type: 3}
      propertyPath: m_LocalRotation.w
      value: 1
      objectReference: {fileID: 0}
    - target: {fileID: 3163541230533204521, guid: 1405baac3676dc2498b976dd42248782,
        type: 3}
      propertyPath: m_RootOrder
      value: 3
      objectReference: {fileID: 0}
    - target: {fileID: 3163541230533204521, guid: 1405baac3676dc2498b976dd42248782,
        type: 3}
      propertyPath: m_LocalEulerAnglesHint.x
      value: 0
      objectReference: {fileID: 0}
    - target: {fileID: 3163541230533204521, guid: 1405baac3676dc2498b976dd42248782,
        type: 3}
      propertyPath: m_LocalEulerAnglesHint.y
      value: 0
      objectReference: {fileID: 0}
    - target: {fileID: 3163541230533204521, guid: 1405baac3676dc2498b976dd42248782,
        type: 3}
      propertyPath: m_LocalEulerAnglesHint.z
      value: 0
      objectReference: {fileID: 0}
    m_RemovedComponents: []
  m_SourcePrefab: {fileID: 100100000, guid: 1405baac3676dc2498b976dd42248782, type: 3}
--- !u!4 &2885921514980596388 stripped
Transform:
  m_CorrespondingSourceObject: {fileID: 3163541230533204521, guid: 1405baac3676dc2498b976dd42248782,
    type: 3}
  m_PrefabInstance: {fileID: 282598330509852813}
  m_PrefabAsset: {fileID: 0}
--- !u!1001 &282598330697028450
PrefabInstance:
  m_ObjectHideFlags: 0
  serializedVersion: 2
  m_Modification:
    m_TransformParent: {fileID: 282598331105259941}
    m_Modifications:
    - target: {fileID: 569838734511249491, guid: 4d83df3ae5b850648af6f032da2e8f6e,
        type: 3}
      propertyPath: m_Name
      value: EA_Clean_Middle_Floor_Convex_Orange_04_PRE (1)
      objectReference: {fileID: 0}
    - target: {fileID: 3581241964728412736, guid: 4d83df3ae5b850648af6f032da2e8f6e,
        type: 3}
      propertyPath: m_LocalPosition.x
      value: -0.032104492
      objectReference: {fileID: 0}
    - target: {fileID: 3581241964728412736, guid: 4d83df3ae5b850648af6f032da2e8f6e,
        type: 3}
      propertyPath: m_LocalPosition.y
      value: 4.095707
      objectReference: {fileID: 0}
    - target: {fileID: 3581241964728412736, guid: 4d83df3ae5b850648af6f032da2e8f6e,
        type: 3}
      propertyPath: m_LocalPosition.z
      value: -2.4051666
      objectReference: {fileID: 0}
    - target: {fileID: 3581241964728412736, guid: 4d83df3ae5b850648af6f032da2e8f6e,
        type: 3}
      propertyPath: m_LocalRotation.x
      value: -0
      objectReference: {fileID: 0}
    - target: {fileID: 3581241964728412736, guid: 4d83df3ae5b850648af6f032da2e8f6e,
        type: 3}
      propertyPath: m_LocalRotation.y
      value: -0
      objectReference: {fileID: 0}
    - target: {fileID: 3581241964728412736, guid: 4d83df3ae5b850648af6f032da2e8f6e,
        type: 3}
      propertyPath: m_LocalRotation.z
      value: -0
      objectReference: {fileID: 0}
    - target: {fileID: 3581241964728412736, guid: 4d83df3ae5b850648af6f032da2e8f6e,
        type: 3}
      propertyPath: m_LocalRotation.w
      value: 1
      objectReference: {fileID: 0}
    - target: {fileID: 3581241964728412736, guid: 4d83df3ae5b850648af6f032da2e8f6e,
        type: 3}
      propertyPath: m_RootOrder
      value: 7
      objectReference: {fileID: 0}
    - target: {fileID: 3581241964728412736, guid: 4d83df3ae5b850648af6f032da2e8f6e,
        type: 3}
      propertyPath: m_LocalEulerAnglesHint.x
      value: 0
      objectReference: {fileID: 0}
    - target: {fileID: 3581241964728412736, guid: 4d83df3ae5b850648af6f032da2e8f6e,
        type: 3}
      propertyPath: m_LocalEulerAnglesHint.y
      value: 0
      objectReference: {fileID: 0}
    - target: {fileID: 3581241964728412736, guid: 4d83df3ae5b850648af6f032da2e8f6e,
        type: 3}
      propertyPath: m_LocalEulerAnglesHint.z
      value: 0
      objectReference: {fileID: 0}
    m_RemovedComponents: []
  m_SourcePrefab: {fileID: 100100000, guid: 4d83df3ae5b850648af6f032da2e8f6e, type: 3}
--- !u!4 &3627892734599854370 stripped
Transform:
  m_CorrespondingSourceObject: {fileID: 3581241964728412736, guid: 4d83df3ae5b850648af6f032da2e8f6e,
    type: 3}
  m_PrefabInstance: {fileID: 282598330697028450}
  m_PrefabAsset: {fileID: 0}
--- !u!1001 &282598331164996580
PrefabInstance:
  m_ObjectHideFlags: 0
  serializedVersion: 2
  m_Modification:
    m_TransformParent: {fileID: 282598331105259941}
    m_Modifications:
    - target: {fileID: 1833752047241433307, guid: 4f19c9336ce64114183dbd67dddcc544,
        type: 3}
      propertyPath: m_Name
      value: EA_Roof_Green_05_PRE (4)
      objectReference: {fileID: 0}
    - target: {fileID: 3398408049670382280, guid: 4f19c9336ce64114183dbd67dddcc544,
        type: 3}
      propertyPath: m_LocalPosition.x
      value: -0.032104492
      objectReference: {fileID: 0}
    - target: {fileID: 3398408049670382280, guid: 4f19c9336ce64114183dbd67dddcc544,
        type: 3}
      propertyPath: m_LocalPosition.y
      value: 12.095707
      objectReference: {fileID: 0}
    - target: {fileID: 3398408049670382280, guid: 4f19c9336ce64114183dbd67dddcc544,
        type: 3}
      propertyPath: m_LocalPosition.z
      value: -2.4051666
      objectReference: {fileID: 0}
    - target: {fileID: 3398408049670382280, guid: 4f19c9336ce64114183dbd67dddcc544,
        type: 3}
      propertyPath: m_LocalRotation.x
      value: -0
      objectReference: {fileID: 0}
    - target: {fileID: 3398408049670382280, guid: 4f19c9336ce64114183dbd67dddcc544,
        type: 3}
      propertyPath: m_LocalRotation.y
      value: -0
      objectReference: {fileID: 0}
    - target: {fileID: 3398408049670382280, guid: 4f19c9336ce64114183dbd67dddcc544,
        type: 3}
      propertyPath: m_LocalRotation.z
      value: -0
      objectReference: {fileID: 0}
    - target: {fileID: 3398408049670382280, guid: 4f19c9336ce64114183dbd67dddcc544,
        type: 3}
      propertyPath: m_LocalRotation.w
      value: 1
      objectReference: {fileID: 0}
    - target: {fileID: 3398408049670382280, guid: 4f19c9336ce64114183dbd67dddcc544,
        type: 3}
      propertyPath: m_RootOrder
      value: 1
      objectReference: {fileID: 0}
    - target: {fileID: 3398408049670382280, guid: 4f19c9336ce64114183dbd67dddcc544,
        type: 3}
      propertyPath: m_LocalEulerAnglesHint.x
      value: 0
      objectReference: {fileID: 0}
    - target: {fileID: 3398408049670382280, guid: 4f19c9336ce64114183dbd67dddcc544,
        type: 3}
      propertyPath: m_LocalEulerAnglesHint.y
      value: 0
      objectReference: {fileID: 0}
    - target: {fileID: 3398408049670382280, guid: 4f19c9336ce64114183dbd67dddcc544,
        type: 3}
      propertyPath: m_LocalEulerAnglesHint.z
      value: 0
      objectReference: {fileID: 0}
    m_RemovedComponents: []
  m_SourcePrefab: {fileID: 100100000, guid: 4f19c9336ce64114183dbd67dddcc544, type: 3}
--- !u!4 &3225263096890872108 stripped
Transform:
  m_CorrespondingSourceObject: {fileID: 3398408049670382280, guid: 4f19c9336ce64114183dbd67dddcc544,
    type: 3}
  m_PrefabInstance: {fileID: 282598331164996580}
  m_PrefabAsset: {fileID: 0}
--- !u!1001 &282598331238148386
PrefabInstance:
  m_ObjectHideFlags: 0
  serializedVersion: 2
  m_Modification:
    m_TransformParent: {fileID: 282598331105259941}
    m_Modifications:
    - target: {fileID: 5154068288220581218, guid: 378b4fc3d32320047b6f5f9ce3d2ce1f,
        type: 3}
      propertyPath: m_Name
      value: EA_Dirt_Corner_Floor_Hollow_Orange_02_L_PRE
      objectReference: {fileID: 0}
    - target: {fileID: 8204912094482055025, guid: 378b4fc3d32320047b6f5f9ce3d2ce1f,
        type: 3}
      propertyPath: m_LocalPosition.x
      value: -4.0321045
      objectReference: {fileID: 0}
    - target: {fileID: 8204912094482055025, guid: 378b4fc3d32320047b6f5f9ce3d2ce1f,
        type: 3}
      propertyPath: m_LocalPosition.y
      value: 0.09150314
      objectReference: {fileID: 0}
    - target: {fileID: 8204912094482055025, guid: 378b4fc3d32320047b6f5f9ce3d2ce1f,
        type: 3}
      propertyPath: m_LocalPosition.z
      value: -2.4051666
      objectReference: {fileID: 0}
    - target: {fileID: 8204912094482055025, guid: 378b4fc3d32320047b6f5f9ce3d2ce1f,
        type: 3}
      propertyPath: m_LocalRotation.x
      value: -0
      objectReference: {fileID: 0}
    - target: {fileID: 8204912094482055025, guid: 378b4fc3d32320047b6f5f9ce3d2ce1f,
        type: 3}
      propertyPath: m_LocalRotation.y
      value: -0
      objectReference: {fileID: 0}
    - target: {fileID: 8204912094482055025, guid: 378b4fc3d32320047b6f5f9ce3d2ce1f,
        type: 3}
      propertyPath: m_LocalRotation.z
      value: -0
      objectReference: {fileID: 0}
    - target: {fileID: 8204912094482055025, guid: 378b4fc3d32320047b6f5f9ce3d2ce1f,
        type: 3}
      propertyPath: m_LocalRotation.w
      value: 1
      objectReference: {fileID: 0}
    - target: {fileID: 8204912094482055025, guid: 378b4fc3d32320047b6f5f9ce3d2ce1f,
        type: 3}
      propertyPath: m_RootOrder
      value: 0
      objectReference: {fileID: 0}
    - target: {fileID: 8204912094482055025, guid: 378b4fc3d32320047b6f5f9ce3d2ce1f,
        type: 3}
      propertyPath: m_LocalEulerAnglesHint.x
      value: 0
      objectReference: {fileID: 0}
    - target: {fileID: 8204912094482055025, guid: 378b4fc3d32320047b6f5f9ce3d2ce1f,
        type: 3}
      propertyPath: m_LocalEulerAnglesHint.y
      value: 0
      objectReference: {fileID: 0}
    - target: {fileID: 8204912094482055025, guid: 378b4fc3d32320047b6f5f9ce3d2ce1f,
        type: 3}
      propertyPath: m_LocalEulerAnglesHint.z
      value: 0
      objectReference: {fileID: 0}
    m_RemovedComponents: []
  m_SourcePrefab: {fileID: 100100000, guid: 378b4fc3d32320047b6f5f9ce3d2ce1f, type: 3}
--- !u!4 &8229846437907256915 stripped
Transform:
  m_CorrespondingSourceObject: {fileID: 8204912094482055025, guid: 378b4fc3d32320047b6f5f9ce3d2ce1f,
    type: 3}
  m_PrefabInstance: {fileID: 282598331238148386}
  m_PrefabAsset: {fileID: 0}
--- !u!1001 &282598331534808513
PrefabInstance:
  m_ObjectHideFlags: 0
  serializedVersion: 2
  m_Modification:
    m_TransformParent: {fileID: 282598331105259941}
    m_Modifications:
    - target: {fileID: 466978116473798270, guid: 250eab75d6c706c4991de6f67c1d36d3,
        type: 3}
      propertyPath: m_Name
      value: EA_Clean_Corner_Floor_Convex_Orange_01_L_PRE (1)
      objectReference: {fileID: 0}
    - target: {fileID: 3467863829417544813, guid: 250eab75d6c706c4991de6f67c1d36d3,
        type: 3}
      propertyPath: m_LocalPosition.x
      value: 3.9678955
      objectReference: {fileID: 0}
    - target: {fileID: 3467863829417544813, guid: 250eab75d6c706c4991de6f67c1d36d3,
        type: 3}
      propertyPath: m_LocalPosition.y
      value: 4.095707
      objectReference: {fileID: 0}
    - target: {fileID: 3467863829417544813, guid: 250eab75d6c706c4991de6f67c1d36d3,
        type: 3}
      propertyPath: m_LocalPosition.z
      value: -2.4051666
      objectReference: {fileID: 0}
    - target: {fileID: 3467863829417544813, guid: 250eab75d6c706c4991de6f67c1d36d3,
        type: 3}
      propertyPath: m_LocalRotation.x
      value: -0
      objectReference: {fileID: 0}
    - target: {fileID: 3467863829417544813, guid: 250eab75d6c706c4991de6f67c1d36d3,
        type: 3}
      propertyPath: m_LocalRotation.y
      value: -0
      objectReference: {fileID: 0}
    - target: {fileID: 3467863829417544813, guid: 250eab75d6c706c4991de6f67c1d36d3,
        type: 3}
      propertyPath: m_LocalRotation.z
      value: -0
      objectReference: {fileID: 0}
    - target: {fileID: 3467863829417544813, guid: 250eab75d6c706c4991de6f67c1d36d3,
        type: 3}
      propertyPath: m_LocalRotation.w
      value: 1
      objectReference: {fileID: 0}
    - target: {fileID: 3467863829417544813, guid: 250eab75d6c706c4991de6f67c1d36d3,
        type: 3}
      propertyPath: m_RootOrder
      value: 2
      objectReference: {fileID: 0}
    - target: {fileID: 3467863829417544813, guid: 250eab75d6c706c4991de6f67c1d36d3,
        type: 3}
      propertyPath: m_LocalEulerAnglesHint.x
      value: 0
      objectReference: {fileID: 0}
    - target: {fileID: 3467863829417544813, guid: 250eab75d6c706c4991de6f67c1d36d3,
        type: 3}
      propertyPath: m_LocalEulerAnglesHint.y
      value: 0
      objectReference: {fileID: 0}
    - target: {fileID: 3467863829417544813, guid: 250eab75d6c706c4991de6f67c1d36d3,
        type: 3}
      propertyPath: m_LocalEulerAnglesHint.z
      value: 0
      objectReference: {fileID: 0}
    m_RemovedComponents: []
  m_SourcePrefab: {fileID: 100100000, guid: 250eab75d6c706c4991de6f67c1d36d3, type: 3}
--- !u!4 &3732268481876056492 stripped
Transform:
  m_CorrespondingSourceObject: {fileID: 3467863829417544813, guid: 250eab75d6c706c4991de6f67c1d36d3,
    type: 3}
  m_PrefabInstance: {fileID: 282598331534808513}
  m_PrefabAsset: {fileID: 0}
--- !u!1001 &282598331669892072
PrefabInstance:
  m_ObjectHideFlags: 0
  serializedVersion: 2
  m_Modification:
    m_TransformParent: {fileID: 282598331105259941}
    m_Modifications:
    - target: {fileID: 1158534909038405133, guid: 25f9eacbd11f39f4080f97723c43730d,
        type: 3}
      propertyPath: m_Name
      value: EA_Dirt_Corner_Floor_Convex_Orange_01_L_PRE (2)
      objectReference: {fileID: 0}
    - target: {fileID: 2758640058776507422, guid: 25f9eacbd11f39f4080f97723c43730d,
        type: 3}
      propertyPath: m_LocalPosition.x
      value: 3.9678955
      objectReference: {fileID: 0}
    - target: {fileID: 2758640058776507422, guid: 25f9eacbd11f39f4080f97723c43730d,
        type: 3}
      propertyPath: m_LocalPosition.y
      value: 0.09150314
      objectReference: {fileID: 0}
    - target: {fileID: 2758640058776507422, guid: 25f9eacbd11f39f4080f97723c43730d,
        type: 3}
      propertyPath: m_LocalPosition.z
      value: -2.4051666
      objectReference: {fileID: 0}
    - target: {fileID: 2758640058776507422, guid: 25f9eacbd11f39f4080f97723c43730d,
        type: 3}
      propertyPath: m_LocalRotation.x
      value: -0
      objectReference: {fileID: 0}
    - target: {fileID: 2758640058776507422, guid: 25f9eacbd11f39f4080f97723c43730d,
        type: 3}
      propertyPath: m_LocalRotation.y
      value: -0
      objectReference: {fileID: 0}
    - target: {fileID: 2758640058776507422, guid: 25f9eacbd11f39f4080f97723c43730d,
        type: 3}
      propertyPath: m_LocalRotation.z
      value: -0
      objectReference: {fileID: 0}
    - target: {fileID: 2758640058776507422, guid: 25f9eacbd11f39f4080f97723c43730d,
        type: 3}
      propertyPath: m_LocalRotation.w
      value: 1
      objectReference: {fileID: 0}
    - target: {fileID: 2758640058776507422, guid: 25f9eacbd11f39f4080f97723c43730d,
        type: 3}
      propertyPath: m_RootOrder
      value: 8
      objectReference: {fileID: 0}
    - target: {fileID: 2758640058776507422, guid: 25f9eacbd11f39f4080f97723c43730d,
        type: 3}
      propertyPath: m_LocalEulerAnglesHint.x
      value: 0
      objectReference: {fileID: 0}
    - target: {fileID: 2758640058776507422, guid: 25f9eacbd11f39f4080f97723c43730d,
        type: 3}
      propertyPath: m_LocalEulerAnglesHint.y
      value: 0
      objectReference: {fileID: 0}
    - target: {fileID: 2758640058776507422, guid: 25f9eacbd11f39f4080f97723c43730d,
        type: 3}
      propertyPath: m_LocalEulerAnglesHint.z
      value: 0
      objectReference: {fileID: 0}
    m_RemovedComponents: []
  m_SourcePrefab: {fileID: 100100000, guid: 25f9eacbd11f39f4080f97723c43730d, type: 3}
--- !u!4 &2712105043976527862 stripped
Transform:
  m_CorrespondingSourceObject: {fileID: 2758640058776507422, guid: 25f9eacbd11f39f4080f97723c43730d,
    type: 3}
  m_PrefabInstance: {fileID: 282598331669892072}
  m_PrefabAsset: {fileID: 0}
