%YAML 1.1
%TAG !u! tag:unity3d.com,2011:
--- !u!1 &5253150042972025353
GameObject:
  m_ObjectHideFlags: 0
  m_CorrespondingSourceObject: {fileID: 0}
  m_PrefabInstance: {fileID: 0}
  m_PrefabAsset: {fileID: 0}
  serializedVersion: 6
  m_Component:
  - component: {fileID: 5253150042972025354}
  m_Layer: 0
  m_Name: EA_StoneBlocks_Comp_01b_PRE
  m_TagString: Untagged
  m_Icon: {fileID: 0}
  m_NavMeshLayer: 0
  m_StaticEditorFlags: 0
  m_IsActive: 1
--- !u!4 &5253150042972025354
Transform:
  m_ObjectHideFlags: 0
  m_CorrespondingSourceObject: {fileID: 0}
  m_PrefabInstance: {fileID: 0}
  m_PrefabAsset: {fileID: 0}
  m_GameObject: {fileID: 5253150042972025353}
  m_LocalRotation: {x: 0, y: 0, z: 0, w: 1}
  m_LocalPosition: {x: 0, y: 0, z: 0}
  m_LocalScale: {x: 1, y: 1, z: 1}
  m_Children:
  - {fileID: 4091820840371348795}
  - {fileID: 936651163265749966}
  - {fileID: 7763638310136441300}
  - {fileID: 936651163699182489}
  m_Father: {fileID: 0}
  m_RootOrder: 0
  m_LocalEulerAnglesHint: {x: 0, y: 0, z: 0}
--- !u!1001 &5253150042352729955
PrefabInstance:
  m_ObjectHideFlags: 0
  serializedVersion: 2
  m_Modification:
    m_TransformParent: {fileID: 5253150042972025354}
    m_Modifications:
    - target: {fileID: 2547642973366572727, guid: b9581df0e4d516740a738307c4cc6776,
        type: 3}
      propertyPath: m_LocalPosition.x
      value: -0.068237305
      objectReference: {fileID: 0}
    - target: {fileID: 2547642973366572727, guid: b9581df0e4d516740a738307c4cc6776,
        type: 3}
      propertyPath: m_LocalPosition.y
      value: 0.37831497
      objectReference: {fileID: 0}
    - target: {fileID: 2547642973366572727, guid: b9581df0e4d516740a738307c4cc6776,
        type: 3}
      propertyPath: m_LocalPosition.z
      value: -1.2244682
      objectReference: {fileID: 0}
    - target: {fileID: 2547642973366572727, guid: b9581df0e4d516740a738307c4cc6776,
        type: 3}
      propertyPath: m_LocalRotation.x
      value: -0.15573503
      objectReference: {fileID: 0}
    - target: {fileID: 2547642973366572727, guid: b9581df0e4d516740a738307c4cc6776,
        type: 3}
      propertyPath: m_LocalRotation.y
      value: -0
      objectReference: {fileID: 0}
    - target: {fileID: 2547642973366572727, guid: b9581df0e4d516740a738307c4cc6776,
        type: 3}
      propertyPath: m_LocalRotation.z
      value: -0
      objectReference: {fileID: 0}
    - target: {fileID: 2547642973366572727, guid: b9581df0e4d516740a738307c4cc6776,
        type: 3}
      propertyPath: m_LocalRotation.w
      value: 0.9877989
      objectReference: {fileID: 0}
    - target: {fileID: 2547642973366572727, guid: b9581df0e4d516740a738307c4cc6776,
        type: 3}
      propertyPath: m_RootOrder
      value: 2
      objectReference: {fileID: 0}
    - target: {fileID: 2547642973366572727, guid: b9581df0e4d516740a738307c4cc6776,
        type: 3}
      propertyPath: m_LocalEulerAnglesHint.x
      value: -17.919
      objectReference: {fileID: 0}
    - target: {fileID: 2547642973366572727, guid: b9581df0e4d516740a738307c4cc6776,
        type: 3}
      propertyPath: m_LocalEulerAnglesHint.y
      value: 0
      objectReference: {fileID: 0}
    - target: {fileID: 2547642973366572727, guid: b9581df0e4d516740a738307c4cc6776,
        type: 3}
      propertyPath: m_LocalEulerAnglesHint.z
      value: 0
      objectReference: {fileID: 0}
    - target: {fileID: 2547642973366995607, guid: b9581df0e4d516740a738307c4cc6776,
        type: 3}
      propertyPath: m_Name
      value: EA_Prop_StoneBlock_01c_PRE
      objectReference: {fileID: 0}
    m_RemovedComponents: []
  m_SourcePrefab: {fileID: 100100000, guid: b9581df0e4d516740a738307c4cc6776, type: 3}
--- !u!4 &7763638310136441300 stripped
Transform:
  m_CorrespondingSourceObject: {fileID: 2547642973366572727, guid: b9581df0e4d516740a738307c4cc6776,
    type: 3}
  m_PrefabInstance: {fileID: 5253150042352729955}
  m_PrefabAsset: {fileID: 0}
--- !u!1001 &5253150042408563530
PrefabInstance:
  m_ObjectHideFlags: 0
  serializedVersion: 2
  m_Modification:
    m_TransformParent: {fileID: 5253150042972025354}
    m_Modifications:
    - target: {fileID: 4907049358915665060, guid: 9fbaf3a8cf2ed2a4a837c4b146b4fdc3,
        type: 3}
      propertyPath: m_Name
      value: EA_Prop_StoneBlock_01e_PRE (1)
      objectReference: {fileID: 0}
    - target: {fileID: 4907049358915952772, guid: 9fbaf3a8cf2ed2a4a837c4b146b4fdc3,
        type: 3}
      propertyPath: m_LocalPosition.x
      value: -0.08041382
      objectReference: {fileID: 0}
    - target: {fileID: 4907049358915952772, guid: 9fbaf3a8cf2ed2a4a837c4b146b4fdc3,
        type: 3}
      propertyPath: m_LocalPosition.y
      value: 0.5613136
      objectReference: {fileID: 0}
    - target: {fileID: 4907049358915952772, guid: 9fbaf3a8cf2ed2a4a837c4b146b4fdc3,
        type: 3}
      propertyPath: m_LocalPosition.z
      value: 0.89253235
      objectReference: {fileID: 0}
    - target: {fileID: 4907049358915952772, guid: 9fbaf3a8cf2ed2a4a837c4b146b4fdc3,
        type: 3}
      propertyPath: m_LocalRotation.x
      value: -0
      objectReference: {fileID: 0}
    - target: {fileID: 4907049358915952772, guid: 9fbaf3a8cf2ed2a4a837c4b146b4fdc3,
        type: 3}
      propertyPath: m_LocalRotation.y
      value: -0.6767623
      objectReference: {fileID: 0}
    - target: {fileID: 4907049358915952772, guid: 9fbaf3a8cf2ed2a4a837c4b146b4fdc3,
        type: 3}
      propertyPath: m_LocalRotation.z
      value: -0
      objectReference: {fileID: 0}
    - target: {fileID: 4907049358915952772, guid: 9fbaf3a8cf2ed2a4a837c4b146b4fdc3,
        type: 3}
      propertyPath: m_LocalRotation.w
      value: 0.73620164
      objectReference: {fileID: 0}
    - target: {fileID: 4907049358915952772, guid: 9fbaf3a8cf2ed2a4a837c4b146b4fdc3,
        type: 3}
      propertyPath: m_RootOrder
      value: 1
      objectReference: {fileID: 0}
    - target: {fileID: 4907049358915952772, guid: 9fbaf3a8cf2ed2a4a837c4b146b4fdc3,
        type: 3}
      propertyPath: m_LocalEulerAnglesHint.x
      value: 0
      objectReference: {fileID: 0}
    - target: {fileID: 4907049358915952772, guid: 9fbaf3a8cf2ed2a4a837c4b146b4fdc3,
        type: 3}
      propertyPath: m_LocalEulerAnglesHint.y
      value: -85.18201
      objectReference: {fileID: 0}
    - target: {fileID: 4907049358915952772, guid: 9fbaf3a8cf2ed2a4a837c4b146b4fdc3,
        type: 3}
      propertyPath: m_LocalEulerAnglesHint.z
      value: 0
      objectReference: {fileID: 0}
    m_RemovedComponents: []
  m_SourcePrefab: {fileID: 100100000, guid: 9fbaf3a8cf2ed2a4a837c4b146b4fdc3, type: 3}
--- !u!4 &936651163265749966 stripped
Transform:
  m_CorrespondingSourceObject: {fileID: 4907049358915952772, guid: 9fbaf3a8cf2ed2a4a837c4b146b4fdc3,
    type: 3}
  m_PrefabInstance: {fileID: 5253150042408563530}
  m_PrefabAsset: {fileID: 0}
--- !u!1001 &5253150042613838157
PrefabInstance:
  m_ObjectHideFlags: 0
  serializedVersion: 2
  m_Modification:
    m_TransformParent: {fileID: 5253150042972025354}
    m_Modifications:
    - target: {fileID: 8083927788962908246, guid: 649ce208eac591d4396e5670953783b0,
        type: 3}
      propertyPath: m_Name
      value: EA_Prop_StoneBlock_01a_PRE
      objectReference: {fileID: 0}
    - target: {fileID: 8083927788963009654, guid: 649ce208eac591d4396e5670953783b0,
        type: 3}
      propertyPath: m_LocalPosition.x
      value: -0.13394165
      objectReference: {fileID: 0}
    - target: {fileID: 8083927788963009654, guid: 649ce208eac591d4396e5670953783b0,
        type: 3}
      propertyPath: m_LocalPosition.y
      value: 0.09875488
      objectReference: {fileID: 0}
    - target: {fileID: 8083927788963009654, guid: 649ce208eac591d4396e5670953783b0,
        type: 3}
      propertyPath: m_LocalPosition.z
      value: 1.4569302
      objectReference: {fileID: 0}
    - target: {fileID: 8083927788963009654, guid: 649ce208eac591d4396e5670953783b0,
        type: 3}
      propertyPath: m_LocalRotation.x
      value: -0
      objectReference: {fileID: 0}
    - target: {fileID: 8083927788963009654, guid: 649ce208eac591d4396e5670953783b0,
        type: 3}
      propertyPath: m_LocalRotation.y
      value: -0
      objectReference: {fileID: 0}
    - target: {fileID: 8083927788963009654, guid: 649ce208eac591d4396e5670953783b0,
        type: 3}
      propertyPath: m_LocalRotation.z
      value: -0
      objectReference: {fileID: 0}
    - target: {fileID: 8083927788963009654, guid: 649ce208eac591d4396e5670953783b0,
        type: 3}
      propertyPath: m_LocalRotation.w
      value: 1
      objectReference: {fileID: 0}
    - target: {fileID: 8083927788963009654, guid: 649ce208eac591d4396e5670953783b0,
        type: 3}
      propertyPath: m_RootOrder
      value: 0
      objectReference: {fileID: 0}
    - target: {fileID: 8083927788963009654, guid: 649ce208eac591d4396e5670953783b0,
        type: 3}
      propertyPath: m_LocalEulerAnglesHint.x
      value: 0
      objectReference: {fileID: 0}
    - target: {fileID: 8083927788963009654, guid: 649ce208eac591d4396e5670953783b0,
        type: 3}
      propertyPath: m_LocalEulerAnglesHint.y
      value: 0
      objectReference: {fileID: 0}
    - target: {fileID: 8083927788963009654, guid: 649ce208eac591d4396e5670953783b0,
        type: 3}
      propertyPath: m_LocalEulerAnglesHint.z
      value: 0
      objectReference: {fileID: 0}
    m_RemovedComponents: []
  m_SourcePrefab: {fileID: 100100000, guid: 649ce208eac591d4396e5670953783b0, type: 3}
--- !u!4 &4091820840371348795 stripped
Transform:
  m_CorrespondingSourceObject: {fileID: 8083927788963009654, guid: 649ce208eac591d4396e5670953783b0,
    type: 3}
  m_PrefabInstance: {fileID: 5253150042613838157}
  m_PrefabAsset: {fileID: 0}
--- !u!1001 &5253150044189661981
PrefabInstance:
  m_ObjectHideFlags: 0
  serializedVersion: 2
  m_Modification:
    m_TransformParent: {fileID: 5253150042972025354}
    m_Modifications:
    - target: {fileID: 4907049358915665060, guid: 9fbaf3a8cf2ed2a4a837c4b146b4fdc3,
        type: 3}
      propertyPath: m_Name
      value: EA_Prop_StoneBlock_01e_PRE
      objectReference: {fileID: 0}
    - target: {fileID: 4907049358915952772, guid: 9fbaf3a8cf2ed2a4a837c4b146b4fdc3,
        type: 3}
      propertyPath: m_LocalPosition.x
      value: -0.08041382
      objectReference: {fileID: 0}
    - target: {fileID: 4907049358915952772, guid: 9fbaf3a8cf2ed2a4a837c4b146b4fdc3,
        type: 3}
      propertyPath: m_LocalPosition.y
      value: 0.093559265
      objectReference: {fileID: 0}
    - target: {fileID: 4907049358915952772, guid: 9fbaf3a8cf2ed2a4a837c4b146b4fdc3,
        type: 3}
      propertyPath: m_LocalPosition.z
      value: -0.36076927
      objectReference: {fileID: 0}
    - target: {fileID: 4907049358915952772, guid: 9fbaf3a8cf2ed2a4a837c4b146b4fdc3,
        type: 3}
      propertyPath: m_LocalRotation.x
      value: -0
      objectReference: {fileID: 0}
    - target: {fileID: 4907049358915952772, guid: 9fbaf3a8cf2ed2a4a837c4b146b4fdc3,
        type: 3}
      propertyPath: m_LocalRotation.y
      value: -0
      objectReference: {fileID: 0}
    - target: {fileID: 4907049358915952772, guid: 9fbaf3a8cf2ed2a4a837c4b146b4fdc3,
        type: 3}
      propertyPath: m_LocalRotation.z
      value: -0
      objectReference: {fileID: 0}
    - target: {fileID: 4907049358915952772, guid: 9fbaf3a8cf2ed2a4a837c4b146b4fdc3,
        type: 3}
      propertyPath: m_LocalRotation.w
      value: 1
      objectReference: {fileID: 0}
    - target: {fileID: 4907049358915952772, guid: 9fbaf3a8cf2ed2a4a837c4b146b4fdc3,
        type: 3}
      propertyPath: m_RootOrder
      value: 3
      objectReference: {fileID: 0}
    - target: {fileID: 4907049358915952772, guid: 9fbaf3a8cf2ed2a4a837c4b146b4fdc3,
        type: 3}
      propertyPath: m_LocalEulerAnglesHint.x
      value: 0
      objectReference: {fileID: 0}
    - target: {fileID: 4907049358915952772, guid: 9fbaf3a8cf2ed2a4a837c4b146b4fdc3,
        type: 3}
      propertyPath: m_LocalEulerAnglesHint.y
      value: 0
      objectReference: {fileID: 0}
    - target: {fileID: 4907049358915952772, guid: 9fbaf3a8cf2ed2a4a837c4b146b4fdc3,
        type: 3}
      propertyPath: m_LocalEulerAnglesHint.z
      value: 0
      objectReference: {fileID: 0}
    m_RemovedComponents: []
  m_SourcePrefab: {fileID: 100100000, guid: 9fbaf3a8cf2ed2a4a837c4b146b4fdc3, type: 3}
--- !u!4 &936651163699182489 stripped
Transform:
  m_CorrespondingSourceObject: {fileID: 4907049358915952772, guid: 9fbaf3a8cf2ed2a4a837c4b146b4fdc3,
    type: 3}
  m_PrefabInstance: {fileID: 5253150044189661981}
  m_PrefabAsset: {fileID: 0}
