%YAML 1.1
%TAG !u! tag:unity3d.com,2011:
--- !u!1 &940898138796741616
GameObject:
  m_ObjectHideFlags: 0
  m_CorrespondingSourceObject: {fileID: 0}
  m_PrefabInstance: {fileID: 0}
  m_PrefabAsset: {fileID: 0}
  serializedVersion: 6
  m_Component:
  - component: {fileID: 9101659505132586312}
  - component: {fileID: 5230514574310848347}
  - component: {fileID: 7141698511222547999}
  m_Layer: 0
  m_Name: EA_Stand_01c_LOD2
  m_TagString: Untagged
  m_Icon: {fileID: 0}
  m_NavMeshLayer: 0
  m_StaticEditorFlags: 0
  m_IsActive: 1
--- !u!4 &9101659505132586312
Transform:
  m_ObjectHideFlags: 0
  m_CorrespondingSourceObject: {fileID: 0}
  m_PrefabInstance: {fileID: 0}
  m_PrefabAsset: {fileID: 0}
  m_GameObject: {fileID: 940898138796741616}
  m_LocalRotation: {x: 0, y: -0, z: -0, w: 1}
  m_LocalPosition: {x: -0, y: 0, z: 0}
  m_LocalScale: {x: 1, y: 1, z: 1}
  m_Children: []
  m_Father: {fileID: 7813707876011572042}
  m_RootOrder: 2
  m_LocalEulerAnglesHint: {x: 0, y: 0, z: 0}
--- !u!33 &5230514574310848347
MeshFilter:
  m_ObjectHideFlags: 0
  m_CorrespondingSourceObject: {fileID: 0}
  m_PrefabInstance: {fileID: 0}
  m_PrefabAsset: {fileID: 0}
  m_GameObject: {fileID: 940898138796741616}
  m_Mesh: {fileID: 6322682212269412568, guid: 804690800450a9b4d952ecc1f9aafc65, type: 3}
--- !u!23 &7141698511222547999
MeshRenderer:
  m_ObjectHideFlags: 0
  m_CorrespondingSourceObject: {fileID: 0}
  m_PrefabInstance: {fileID: 0}
  m_PrefabAsset: {fileID: 0}
  m_GameObject: {fileID: 940898138796741616}
  m_Enabled: 1
  m_CastShadows: 1
  m_ReceiveShadows: 1
  m_DynamicOccludee: 1
  m_MotionVectors: 1
  m_LightProbeUsage: 1
  m_ReflectionProbeUsage: 1
  m_RayTracingMode: 2
  m_RenderingLayerMask: 1
  m_RendererPriority: 0
  m_Materials:
  - {fileID: 2100000, guid: 0fc53a8c714252c4480c410716522202, type: 2}
  m_StaticBatchInfo:
    firstSubMesh: 0
    subMeshCount: 0
  m_StaticBatchRoot: {fileID: 0}
  m_ProbeAnchor: {fileID: 0}
  m_LightProbeVolumeOverride: {fileID: 0}
  m_ScaleInLightmap: 1
  m_ReceiveGI: 1
  m_PreserveUVs: 0
  m_IgnoreNormalsForChartDetection: 0
  m_ImportantGI: 0
  m_StitchLightmapSeams: 1
  m_SelectedEditorRenderState: 3
  m_MinimumChartSize: 4
  m_AutoUVMaxDistance: 0.5
  m_AutoUVMaxAngle: 89
  m_LightmapParameters: {fileID: 0}
  m_SortingLayerID: 0
  m_SortingLayer: 0
  m_SortingOrder: 0
--- !u!1 &4586250453125981606
GameObject:
  m_ObjectHideFlags: 0
  m_CorrespondingSourceObject: {fileID: 0}
  m_PrefabInstance: {fileID: 0}
  m_PrefabAsset: {fileID: 0}
  serializedVersion: 6
  m_Component:
  - component: {fileID: 4134407771849863606}
  - component: {fileID: 8567151196421783799}
  - component: {fileID: 957776277180589034}
  m_Layer: 0
  m_Name: EA_Stand_01c_LOD1
  m_TagString: Untagged
  m_Icon: {fileID: 0}
  m_NavMeshLayer: 0
  m_StaticEditorFlags: 0
  m_IsActive: 1
--- !u!4 &4134407771849863606
Transform:
  m_ObjectHideFlags: 0
  m_CorrespondingSourceObject: {fileID: 0}
  m_PrefabInstance: {fileID: 0}
  m_PrefabAsset: {fileID: 0}
  m_GameObject: {fileID: 4586250453125981606}
  m_LocalRotation: {x: 0, y: -0, z: -0, w: 1}
  m_LocalPosition: {x: -0, y: 0, z: 0}
  m_LocalScale: {x: 1, y: 1, z: 1}
  m_Children: []
  m_Father: {fileID: 7813707876011572042}
  m_RootOrder: 1
  m_LocalEulerAnglesHint: {x: 0, y: 0, z: 0}
--- !u!33 &8567151196421783799
MeshFilter:
  m_ObjectHideFlags: 0
  m_CorrespondingSourceObject: {fileID: 0}
  m_PrefabInstance: {fileID: 0}
  m_PrefabAsset: {fileID: 0}
  m_GameObject: {fileID: 4586250453125981606}
  m_Mesh: {fileID: -6341395514490985924, guid: 804690800450a9b4d952ecc1f9aafc65, type: 3}
--- !u!23 &957776277180589034
MeshRenderer:
  m_ObjectHideFlags: 0
  m_CorrespondingSourceObject: {fileID: 0}
  m_PrefabInstance: {fileID: 0}
  m_PrefabAsset: {fileID: 0}
  m_GameObject: {fileID: 4586250453125981606}
  m_Enabled: 1
  m_CastShadows: 1
  m_ReceiveShadows: 1
  m_DynamicOccludee: 1
  m_MotionVectors: 1
  m_LightProbeUsage: 1
  m_ReflectionProbeUsage: 1
  m_RayTracingMode: 2
  m_RenderingLayerMask: 1
  m_RendererPriority: 0
  m_Materials:
  - {fileID: 2100000, guid: 0fc53a8c714252c4480c410716522202, type: 2}
  m_StaticBatchInfo:
    firstSubMesh: 0
    subMeshCount: 0
  m_StaticBatchRoot: {fileID: 0}
  m_ProbeAnchor: {fileID: 0}
  m_LightProbeVolumeOverride: {fileID: 0}
  m_ScaleInLightmap: 1
  m_ReceiveGI: 1
  m_PreserveUVs: 0
  m_IgnoreNormalsForChartDetection: 0
  m_ImportantGI: 0
  m_StitchLightmapSeams: 1
  m_SelectedEditorRenderState: 3
  m_MinimumChartSize: 4
  m_AutoUVMaxDistance: 0.5
  m_AutoUVMaxAngle: 89
  m_LightmapParameters: {fileID: 0}
  m_SortingLayerID: 0
  m_SortingLayer: 0
  m_SortingOrder: 0
--- !u!1 &5394292879464825585
GameObject:
  m_ObjectHideFlags: 0
  m_CorrespondingSourceObject: {fileID: 0}
  m_PrefabInstance: {fileID: 0}
  m_PrefabAsset: {fileID: 0}
  serializedVersion: 6
  m_Component:
  - component: {fileID: 8394183854319548259}
  - component: {fileID: 7715971362348904475}
  - component: {fileID: 4168577055414710947}
  - component: {fileID: 3651618557996458593}
  m_Layer: 0
  m_Name: EA_Stand_01c_LOD0
  m_TagString: Untagged
  m_Icon: {fileID: 0}
  m_NavMeshLayer: 0
  m_StaticEditorFlags: 0
  m_IsActive: 1
--- !u!4 &8394183854319548259
Transform:
  m_ObjectHideFlags: 0
  m_CorrespondingSourceObject: {fileID: 0}
  m_PrefabInstance: {fileID: 0}
  m_PrefabAsset: {fileID: 0}
  m_GameObject: {fileID: 5394292879464825585}
  m_LocalRotation: {x: 0, y: -0, z: -0, w: 1}
  m_LocalPosition: {x: -0, y: 0, z: 0}
  m_LocalScale: {x: 1, y: 1, z: 1}
  m_Children: []
  m_Father: {fileID: 7813707876011572042}
  m_RootOrder: 0
  m_LocalEulerAnglesHint: {x: 0, y: 0, z: 0}
--- !u!33 &7715971362348904475
MeshFilter:
  m_ObjectHideFlags: 0
  m_CorrespondingSourceObject: {fileID: 0}
  m_PrefabInstance: {fileID: 0}
  m_PrefabAsset: {fileID: 0}
  m_GameObject: {fileID: 5394292879464825585}
  m_Mesh: {fileID: 593948548319170141, guid: 804690800450a9b4d952ecc1f9aafc65, type: 3}
--- !u!23 &4168577055414710947
MeshRenderer:
  m_ObjectHideFlags: 0
  m_CorrespondingSourceObject: {fileID: 0}
  m_PrefabInstance: {fileID: 0}
  m_PrefabAsset: {fileID: 0}
  m_GameObject: {fileID: 5394292879464825585}
  m_Enabled: 1
  m_CastShadows: 1
  m_ReceiveShadows: 1
  m_DynamicOccludee: 1
  m_MotionVectors: 1
  m_LightProbeUsage: 1
  m_ReflectionProbeUsage: 1
  m_RayTracingMode: 2
  m_RenderingLayerMask: 1
  m_RendererPriority: 0
  m_Materials:
  - {fileID: 2100000, guid: 0fc53a8c714252c4480c410716522202, type: 2}
  m_StaticBatchInfo:
    firstSubMesh: 0
    subMeshCount: 0
  m_StaticBatchRoot: {fileID: 0}
  m_ProbeAnchor: {fileID: 0}
  m_LightProbeVolumeOverride: {fileID: 0}
  m_ScaleInLightmap: 1
  m_ReceiveGI: 1
  m_PreserveUVs: 0
  m_IgnoreNormalsForChartDetection: 0
  m_ImportantGI: 0
  m_StitchLightmapSeams: 1
  m_SelectedEditorRenderState: 3
  m_MinimumChartSize: 4
  m_AutoUVMaxDistance: 0.5
  m_AutoUVMaxAngle: 89
  m_LightmapParameters: {fileID: 0}
  m_SortingLayerID: 0
  m_SortingLayer: 0
  m_SortingOrder: 0
--- !u!64 &3651618557996458593
MeshCollider:
  m_ObjectHideFlags: 0
  m_CorrespondingSourceObject: {fileID: 0}
  m_PrefabInstance: {fileID: 0}
  m_PrefabAsset: {fileID: 0}
  m_GameObject: {fileID: 5394292879464825585}
  m_Material: {fileID: 0}
  m_IsTrigger: 0
  m_Enabled: 1
  serializedVersion: 4
  m_Convex: 0
  m_CookingOptions: 30
  m_Mesh: {fileID: 593948548319170141, guid: 804690800450a9b4d952ecc1f9aafc65, type: 3}
--- !u!1 &6499965516642355545
GameObject:
  m_ObjectHideFlags: 0
  m_CorrespondingSourceObject: {fileID: 0}
  m_PrefabInstance: {fileID: 0}
  m_PrefabAsset: {fileID: 0}
  serializedVersion: 6
  m_Component:
  - component: {fileID: 7813707876011572042}
  - component: {fileID: 7213714904947977614}
  m_Layer: 0
  m_Name: EA_Stand_Asortment_03b_PRE
  m_TagString: Untagged
  m_Icon: {fileID: 0}
  m_NavMeshLayer: 0
  m_StaticEditorFlags: 0
  m_IsActive: 1
--- !u!4 &7813707876011572042
Transform:
  m_ObjectHideFlags: 0
  m_CorrespondingSourceObject: {fileID: 0}
  m_PrefabInstance: {fileID: 0}
  m_PrefabAsset: {fileID: 0}
  m_GameObject: {fileID: 6499965516642355545}
  m_LocalRotation: {x: 0, y: 0, z: 0, w: 1}
  m_LocalPosition: {x: 0, y: 0, z: 0}
  m_LocalScale: {x: 1, y: 1, z: 1}
  m_Children:
  - {fileID: 8394183854319548259}
  - {fileID: 4134407771849863606}
  - {fileID: 9101659505132586312}
  - {fileID: 3634291592722100242}
  - {fileID: 2390835939976913768}
  - {fileID: 776005803475861809}
  - {fileID: 9203225378791701173}
  - {fileID: 977501142936368487}
  - {fileID: 8542830493199491477}
  - {fileID: 4870367158231353099}
  - {fileID: 9076234397868503241}
  - {fileID: 2311517695611540232}
  m_Father: {fileID: 0}
  m_RootOrder: 0
  m_LocalEulerAnglesHint: {x: 0, y: 0, z: 0}
--- !u!205 &7213714904947977614
LODGroup:
  m_ObjectHideFlags: 0
  m_CorrespondingSourceObject: {fileID: 0}
  m_PrefabInstance: {fileID: 0}
  m_PrefabAsset: {fileID: 0}
  m_GameObject: {fileID: 6499965516642355545}
  serializedVersion: 2
  m_LocalReferencePoint: {x: 0.019411802, y: 0.47230884, z: -0.052218556}
  m_Size: 1.7696843
  m_FadeMode: 0
  m_AnimateCrossFading: 0
  m_LastLODIsBillboard: 0
  m_LODs:
  - screenRelativeHeight: 0.25
    fadeTransitionWidth: 0
    renderers:
    - renderer: {fileID: 4168577055414710947}
  - screenRelativeHeight: 0.125
    fadeTransitionWidth: 0
    renderers:
    - renderer: {fileID: 957776277180589034}
  - screenRelativeHeight: 0.01
    fadeTransitionWidth: 0
    renderers:
    - renderer: {fileID: 7141698511222547999}
  m_Enabled: 1
--- !u!1001 &626688455747735803
PrefabInstance:
  m_ObjectHideFlags: 0
  serializedVersion: 2
  m_Modification:
    m_TransformParent: {fileID: 7813707876011572042}
    m_Modifications:
    - target: {fileID: 177501850977472970, guid: d1e727ea2b1b73b49b6e8f32cba32d17,
        type: 3}
      propertyPath: m_LocalPosition.x
      value: 0.075
      objectReference: {fileID: 0}
    - target: {fileID: 177501850977472970, guid: d1e727ea2b1b73b49b6e8f32cba32d17,
        type: 3}
      propertyPath: m_LocalPosition.y
      value: 0.37934658
      objectReference: {fileID: 0}
    - target: {fileID: 177501850977472970, guid: d1e727ea2b1b73b49b6e8f32cba32d17,
        type: 3}
      propertyPath: m_LocalPosition.z
      value: 0.35510045
      objectReference: {fileID: 0}
    - target: {fileID: 177501850977472970, guid: d1e727ea2b1b73b49b6e8f32cba32d17,
        type: 3}
      propertyPath: m_LocalRotation.x
      value: -0
      objectReference: {fileID: 0}
    - target: {fileID: 177501850977472970, guid: d1e727ea2b1b73b49b6e8f32cba32d17,
        type: 3}
      propertyPath: m_LocalRotation.y
      value: -0
      objectReference: {fileID: 0}
    - target: {fileID: 177501850977472970, guid: d1e727ea2b1b73b49b6e8f32cba32d17,
        type: 3}
      propertyPath: m_LocalRotation.z
      value: -0
      objectReference: {fileID: 0}
    - target: {fileID: 177501850977472970, guid: d1e727ea2b1b73b49b6e8f32cba32d17,
        type: 3}
      propertyPath: m_LocalRotation.w
      value: 1
      objectReference: {fileID: 0}
    - target: {fileID: 177501850977472970, guid: d1e727ea2b1b73b49b6e8f32cba32d17,
        type: 3}
      propertyPath: m_RootOrder
      value: 5
      objectReference: {fileID: 0}
    - target: {fileID: 177501850977472970, guid: d1e727ea2b1b73b49b6e8f32cba32d17,
        type: 3}
      propertyPath: m_LocalEulerAnglesHint.x
      value: 0
      objectReference: {fileID: 0}
    - target: {fileID: 177501850977472970, guid: d1e727ea2b1b73b49b6e8f32cba32d17,
        type: 3}
      propertyPath: m_LocalEulerAnglesHint.y
      value: 0
      objectReference: {fileID: 0}
    - target: {fileID: 177501850977472970, guid: d1e727ea2b1b73b49b6e8f32cba32d17,
        type: 3}
      propertyPath: m_LocalEulerAnglesHint.z
      value: 0
      objectReference: {fileID: 0}
    - target: {fileID: 3759878034579678169, guid: d1e727ea2b1b73b49b6e8f32cba32d17,
        type: 3}
      propertyPath: m_Name
      value: EA_Assortment_Bottle_02e_PRE (2)
      objectReference: {fileID: 0}
    m_RemovedComponents: []
  m_SourcePrefab: {fileID: 100100000, guid: d1e727ea2b1b73b49b6e8f32cba32d17, type: 3}
--- !u!4 &776005803475861809 stripped
Transform:
  m_CorrespondingSourceObject: {fileID: 177501850977472970, guid: d1e727ea2b1b73b49b6e8f32cba32d17,
    type: 3}
  m_PrefabInstance: {fileID: 626688455747735803}
  m_PrefabAsset: {fileID: 0}
--- !u!1001 &1145696486969713837
PrefabInstance:
  m_ObjectHideFlags: 0
  serializedVersion: 2
  m_Modification:
    m_TransformParent: {fileID: 7813707876011572042}
    m_Modifications:
    - target: {fileID: 177501850977472970, guid: d1e727ea2b1b73b49b6e8f32cba32d17,
        type: 3}
      propertyPath: m_LocalPosition.x
      value: -0.398
      objectReference: {fileID: 0}
    - target: {fileID: 177501850977472970, guid: d1e727ea2b1b73b49b6e8f32cba32d17,
        type: 3}
      propertyPath: m_LocalPosition.y
      value: 0.37934658
      objectReference: {fileID: 0}
    - target: {fileID: 177501850977472970, guid: d1e727ea2b1b73b49b6e8f32cba32d17,
        type: 3}
      propertyPath: m_LocalPosition.z
      value: 0.35510045
      objectReference: {fileID: 0}
    - target: {fileID: 177501850977472970, guid: d1e727ea2b1b73b49b6e8f32cba32d17,
        type: 3}
      propertyPath: m_LocalRotation.x
      value: -0
      objectReference: {fileID: 0}
    - target: {fileID: 177501850977472970, guid: d1e727ea2b1b73b49b6e8f32cba32d17,
        type: 3}
      propertyPath: m_LocalRotation.y
      value: -0
      objectReference: {fileID: 0}
    - target: {fileID: 177501850977472970, guid: d1e727ea2b1b73b49b6e8f32cba32d17,
        type: 3}
      propertyPath: m_LocalRotation.z
      value: -0
      objectReference: {fileID: 0}
    - target: {fileID: 177501850977472970, guid: d1e727ea2b1b73b49b6e8f32cba32d17,
        type: 3}
      propertyPath: m_LocalRotation.w
      value: 1
      objectReference: {fileID: 0}
    - target: {fileID: 177501850977472970, guid: d1e727ea2b1b73b49b6e8f32cba32d17,
        type: 3}
      propertyPath: m_RootOrder
      value: 7
      objectReference: {fileID: 0}
    - target: {fileID: 177501850977472970, guid: d1e727ea2b1b73b49b6e8f32cba32d17,
        type: 3}
      propertyPath: m_LocalEulerAnglesHint.x
      value: 0
      objectReference: {fileID: 0}
    - target: {fileID: 177501850977472970, guid: d1e727ea2b1b73b49b6e8f32cba32d17,
        type: 3}
      propertyPath: m_LocalEulerAnglesHint.y
      value: 0
      objectReference: {fileID: 0}
    - target: {fileID: 177501850977472970, guid: d1e727ea2b1b73b49b6e8f32cba32d17,
        type: 3}
      propertyPath: m_LocalEulerAnglesHint.z
      value: 0
      objectReference: {fileID: 0}
    - target: {fileID: 3759878034579678169, guid: d1e727ea2b1b73b49b6e8f32cba32d17,
        type: 3}
      propertyPath: m_Name
      value: EA_Assortment_Bottle_02e_PRE (4)
      objectReference: {fileID: 0}
    m_RemovedComponents: []
  m_SourcePrefab: {fileID: 100100000, guid: d1e727ea2b1b73b49b6e8f32cba32d17, type: 3}
--- !u!4 &977501142936368487 stripped
Transform:
  m_CorrespondingSourceObject: {fileID: 177501850977472970, guid: d1e727ea2b1b73b49b6e8f32cba32d17,
    type: 3}
  m_PrefabInstance: {fileID: 1145696486969713837}
  m_PrefabAsset: {fileID: 0}
--- !u!1001 &2547744779776766626
PrefabInstance:
  m_ObjectHideFlags: 0
  serializedVersion: 2
  m_Modification:
    m_TransformParent: {fileID: 7813707876011572042}
    m_Modifications:
    - target: {fileID: 177501850977472970, guid: d1e727ea2b1b73b49b6e8f32cba32d17,
        type: 3}
      propertyPath: m_LocalPosition.x
      value: 0.341
      objectReference: {fileID: 0}
    - target: {fileID: 177501850977472970, guid: d1e727ea2b1b73b49b6e8f32cba32d17,
        type: 3}
      propertyPath: m_LocalPosition.y
      value: 0.37934658
      objectReference: {fileID: 0}
    - target: {fileID: 177501850977472970, guid: d1e727ea2b1b73b49b6e8f32cba32d17,
        type: 3}
      propertyPath: m_LocalPosition.z
      value: 0.35510045
      objectReference: {fileID: 0}
    - target: {fileID: 177501850977472970, guid: d1e727ea2b1b73b49b6e8f32cba32d17,
        type: 3}
      propertyPath: m_LocalRotation.x
      value: -0
      objectReference: {fileID: 0}
    - target: {fileID: 177501850977472970, guid: d1e727ea2b1b73b49b6e8f32cba32d17,
        type: 3}
      propertyPath: m_LocalRotation.y
      value: -0
      objectReference: {fileID: 0}
    - target: {fileID: 177501850977472970, guid: d1e727ea2b1b73b49b6e8f32cba32d17,
        type: 3}
      propertyPath: m_LocalRotation.z
      value: -0
      objectReference: {fileID: 0}
    - target: {fileID: 177501850977472970, guid: d1e727ea2b1b73b49b6e8f32cba32d17,
        type: 3}
      propertyPath: m_LocalRotation.w
      value: 1
      objectReference: {fileID: 0}
    - target: {fileID: 177501850977472970, guid: d1e727ea2b1b73b49b6e8f32cba32d17,
        type: 3}
      propertyPath: m_RootOrder
      value: 4
      objectReference: {fileID: 0}
    - target: {fileID: 177501850977472970, guid: d1e727ea2b1b73b49b6e8f32cba32d17,
        type: 3}
      propertyPath: m_LocalEulerAnglesHint.x
      value: 0
      objectReference: {fileID: 0}
    - target: {fileID: 177501850977472970, guid: d1e727ea2b1b73b49b6e8f32cba32d17,
        type: 3}
      propertyPath: m_LocalEulerAnglesHint.y
      value: 0
      objectReference: {fileID: 0}
    - target: {fileID: 177501850977472970, guid: d1e727ea2b1b73b49b6e8f32cba32d17,
        type: 3}
      propertyPath: m_LocalEulerAnglesHint.z
      value: 0
      objectReference: {fileID: 0}
    - target: {fileID: 3759878034579678169, guid: d1e727ea2b1b73b49b6e8f32cba32d17,
        type: 3}
      propertyPath: m_Name
      value: EA_Assortment_Bottle_02e_PRE (1)
      objectReference: {fileID: 0}
    m_RemovedComponents: []
  m_SourcePrefab: {fileID: 100100000, guid: d1e727ea2b1b73b49b6e8f32cba32d17, type: 3}
--- !u!4 &2390835939976913768 stripped
Transform:
  m_CorrespondingSourceObject: {fileID: 177501850977472970, guid: d1e727ea2b1b73b49b6e8f32cba32d17,
    type: 3}
  m_PrefabInstance: {fileID: 2547744779776766626}
  m_PrefabAsset: {fileID: 0}
--- !u!1001 &3465805841920106968
PrefabInstance:
  m_ObjectHideFlags: 0
  serializedVersion: 2
  m_Modification:
    m_TransformParent: {fileID: 7813707876011572042}
    m_Modifications:
    - target: {fileID: 177501850977472970, guid: d1e727ea2b1b73b49b6e8f32cba32d17,
        type: 3}
      propertyPath: m_LocalPosition.x
      value: 0.58590764
      objectReference: {fileID: 0}
    - target: {fileID: 177501850977472970, guid: d1e727ea2b1b73b49b6e8f32cba32d17,
        type: 3}
      propertyPath: m_LocalPosition.y
      value: 0.37934658
      objectReference: {fileID: 0}
    - target: {fileID: 177501850977472970, guid: d1e727ea2b1b73b49b6e8f32cba32d17,
        type: 3}
      propertyPath: m_LocalPosition.z
      value: 0.35510045
      objectReference: {fileID: 0}
    - target: {fileID: 177501850977472970, guid: d1e727ea2b1b73b49b6e8f32cba32d17,
        type: 3}
      propertyPath: m_LocalRotation.x
      value: -0
      objectReference: {fileID: 0}
    - target: {fileID: 177501850977472970, guid: d1e727ea2b1b73b49b6e8f32cba32d17,
        type: 3}
      propertyPath: m_LocalRotation.y
      value: -0
      objectReference: {fileID: 0}
    - target: {fileID: 177501850977472970, guid: d1e727ea2b1b73b49b6e8f32cba32d17,
        type: 3}
      propertyPath: m_LocalRotation.z
      value: -0
      objectReference: {fileID: 0}
    - target: {fileID: 177501850977472970, guid: d1e727ea2b1b73b49b6e8f32cba32d17,
        type: 3}
      propertyPath: m_LocalRotation.w
      value: 1
      objectReference: {fileID: 0}
    - target: {fileID: 177501850977472970, guid: d1e727ea2b1b73b49b6e8f32cba32d17,
        type: 3}
      propertyPath: m_RootOrder
      value: 3
      objectReference: {fileID: 0}
    - target: {fileID: 177501850977472970, guid: d1e727ea2b1b73b49b6e8f32cba32d17,
        type: 3}
      propertyPath: m_LocalEulerAnglesHint.x
      value: 0
      objectReference: {fileID: 0}
    - target: {fileID: 177501850977472970, guid: d1e727ea2b1b73b49b6e8f32cba32d17,
        type: 3}
      propertyPath: m_LocalEulerAnglesHint.y
      value: 0
      objectReference: {fileID: 0}
    - target: {fileID: 177501850977472970, guid: d1e727ea2b1b73b49b6e8f32cba32d17,
        type: 3}
      propertyPath: m_LocalEulerAnglesHint.z
      value: 0
      objectReference: {fileID: 0}
    - target: {fileID: 3759878034579678169, guid: d1e727ea2b1b73b49b6e8f32cba32d17,
        type: 3}
      propertyPath: m_Name
      value: EA_Assortment_Bottle_02e_PRE
      objectReference: {fileID: 0}
    m_RemovedComponents: []
  m_SourcePrefab: {fileID: 100100000, guid: d1e727ea2b1b73b49b6e8f32cba32d17, type: 3}
--- !u!4 &3634291592722100242 stripped
Transform:
  m_CorrespondingSourceObject: {fileID: 177501850977472970, guid: d1e727ea2b1b73b49b6e8f32cba32d17,
    type: 3}
  m_PrefabInstance: {fileID: 3465805841920106968}
  m_PrefabAsset: {fileID: 0}
--- !u!1001 &3712184897121313188
PrefabInstance:
  m_ObjectHideFlags: 0
  serializedVersion: 2
  m_Modification:
    m_TransformParent: {fileID: 7813707876011572042}
    m_Modifications:
    - target: {fileID: 1409764560801952428, guid: 957edfde947a8a749bc2058b2f94e35d,
        type: 3}
      propertyPath: m_LocalPosition.x
      value: -0.566
      objectReference: {fileID: 0}
    - target: {fileID: 1409764560801952428, guid: 957edfde947a8a749bc2058b2f94e35d,
        type: 3}
      propertyPath: m_LocalPosition.y
      value: 0.93321073
      objectReference: {fileID: 0}
    - target: {fileID: 1409764560801952428, guid: 957edfde947a8a749bc2058b2f94e35d,
        type: 3}
      propertyPath: m_LocalPosition.z
      value: -0.25085223
      objectReference: {fileID: 0}
    - target: {fileID: 1409764560801952428, guid: 957edfde947a8a749bc2058b2f94e35d,
        type: 3}
      propertyPath: m_LocalRotation.x
      value: -0
      objectReference: {fileID: 0}
    - target: {fileID: 1409764560801952428, guid: 957edfde947a8a749bc2058b2f94e35d,
        type: 3}
      propertyPath: m_LocalRotation.y
      value: -0.23676802
      objectReference: {fileID: 0}
    - target: {fileID: 1409764560801952428, guid: 957edfde947a8a749bc2058b2f94e35d,
        type: 3}
      propertyPath: m_LocalRotation.z
      value: -0
      objectReference: {fileID: 0}
    - target: {fileID: 1409764560801952428, guid: 957edfde947a8a749bc2058b2f94e35d,
        type: 3}
      propertyPath: m_LocalRotation.w
      value: 0.97156626
      objectReference: {fileID: 0}
    - target: {fileID: 1409764560801952428, guid: 957edfde947a8a749bc2058b2f94e35d,
        type: 3}
      propertyPath: m_RootOrder
      value: 11
      objectReference: {fileID: 0}
    - target: {fileID: 1409764560801952428, guid: 957edfde947a8a749bc2058b2f94e35d,
        type: 3}
      propertyPath: m_LocalEulerAnglesHint.x
      value: 0
      objectReference: {fileID: 0}
    - target: {fileID: 1409764560801952428, guid: 957edfde947a8a749bc2058b2f94e35d,
        type: 3}
      propertyPath: m_LocalEulerAnglesHint.y
      value: -27.392002
      objectReference: {fileID: 0}
    - target: {fileID: 1409764560801952428, guid: 957edfde947a8a749bc2058b2f94e35d,
        type: 3}
      propertyPath: m_LocalEulerAnglesHint.z
      value: 0
      objectReference: {fileID: 0}
    - target: {fileID: 2723310802300698815, guid: 957edfde947a8a749bc2058b2f94e35d,
        type: 3}
      propertyPath: m_Name
      value: EA_Assortment_Case_01b_PRE (2)
      objectReference: {fileID: 0}
    m_RemovedComponents: []
  m_SourcePrefab: {fileID: 100100000, guid: 957edfde947a8a749bc2058b2f94e35d, type: 3}
--- !u!4 &2311517695611540232 stripped
Transform:
  m_CorrespondingSourceObject: {fileID: 1409764560801952428, guid: 957edfde947a8a749bc2058b2f94e35d,
    type: 3}
  m_PrefabInstance: {fileID: 3712184897121313188}
  m_PrefabAsset: {fileID: 0}
--- !u!1001 &5766710091517736359
PrefabInstance:
  m_ObjectHideFlags: 0
  serializedVersion: 2
  m_Modification:
    m_TransformParent: {fileID: 7813707876011572042}
    m_Modifications:
    - target: {fileID: 1409764560801952428, guid: 957edfde947a8a749bc2058b2f94e35d,
        type: 3}
      propertyPath: m_LocalPosition.x
      value: 0.47460318
      objectReference: {fileID: 0}
    - target: {fileID: 1409764560801952428, guid: 957edfde947a8a749bc2058b2f94e35d,
        type: 3}
      propertyPath: m_LocalPosition.y
      value: 0.93321073
      objectReference: {fileID: 0}
    - target: {fileID: 1409764560801952428, guid: 957edfde947a8a749bc2058b2f94e35d,
        type: 3}
      propertyPath: m_LocalPosition.z
      value: -0.25085223
      objectReference: {fileID: 0}
    - target: {fileID: 1409764560801952428, guid: 957edfde947a8a749bc2058b2f94e35d,
        type: 3}
      propertyPath: m_LocalRotation.x
      value: -0
      objectReference: {fileID: 0}
    - target: {fileID: 1409764560801952428, guid: 957edfde947a8a749bc2058b2f94e35d,
        type: 3}
      propertyPath: m_LocalRotation.y
      value: 0.06925762
      objectReference: {fileID: 0}
    - target: {fileID: 1409764560801952428, guid: 957edfde947a8a749bc2058b2f94e35d,
        type: 3}
      propertyPath: m_LocalRotation.z
      value: -0
      objectReference: {fileID: 0}
    - target: {fileID: 1409764560801952428, guid: 957edfde947a8a749bc2058b2f94e35d,
        type: 3}
      propertyPath: m_LocalRotation.w
      value: 0.9975988
      objectReference: {fileID: 0}
    - target: {fileID: 1409764560801952428, guid: 957edfde947a8a749bc2058b2f94e35d,
        type: 3}
      propertyPath: m_RootOrder
      value: 9
      objectReference: {fileID: 0}
    - target: {fileID: 1409764560801952428, guid: 957edfde947a8a749bc2058b2f94e35d,
        type: 3}
      propertyPath: m_LocalEulerAnglesHint.x
      value: 0
      objectReference: {fileID: 0}
    - target: {fileID: 1409764560801952428, guid: 957edfde947a8a749bc2058b2f94e35d,
        type: 3}
      propertyPath: m_LocalEulerAnglesHint.y
      value: 7.9430003
      objectReference: {fileID: 0}
    - target: {fileID: 1409764560801952428, guid: 957edfde947a8a749bc2058b2f94e35d,
        type: 3}
      propertyPath: m_LocalEulerAnglesHint.z
      value: 0
      objectReference: {fileID: 0}
    - target: {fileID: 2723310802300698815, guid: 957edfde947a8a749bc2058b2f94e35d,
        type: 3}
      propertyPath: m_Name
      value: EA_Assortment_Case_01b_PRE
      objectReference: {fileID: 0}
    m_RemovedComponents: []
  m_SourcePrefab: {fileID: 100100000, guid: 957edfde947a8a749bc2058b2f94e35d, type: 3}
--- !u!4 &4870367158231353099 stripped
Transform:
  m_CorrespondingSourceObject: {fileID: 1409764560801952428, guid: 957edfde947a8a749bc2058b2f94e35d,
    type: 3}
  m_PrefabInstance: {fileID: 5766710091517736359}
  m_PrefabAsset: {fileID: 0}
--- !u!1001 &7954833031341720165
PrefabInstance:
  m_ObjectHideFlags: 0
  serializedVersion: 2
  m_Modification:
    m_TransformParent: {fileID: 7813707876011572042}
    m_Modifications:
    - target: {fileID: 1409764560801952428, guid: 957edfde947a8a749bc2058b2f94e35d,
        type: 3}
      propertyPath: m_LocalPosition.x
      value: 0.101
      objectReference: {fileID: 0}
    - target: {fileID: 1409764560801952428, guid: 957edfde947a8a749bc2058b2f94e35d,
        type: 3}
      propertyPath: m_LocalPosition.y
      value: 0.93321073
      objectReference: {fileID: 0}
    - target: {fileID: 1409764560801952428, guid: 957edfde947a8a749bc2058b2f94e35d,
        type: 3}
      propertyPath: m_LocalPosition.z
      value: -0.25085223
      objectReference: {fileID: 0}
    - target: {fileID: 1409764560801952428, guid: 957edfde947a8a749bc2058b2f94e35d,
        type: 3}
      propertyPath: m_LocalRotation.x
      value: -0
      objectReference: {fileID: 0}
    - target: {fileID: 1409764560801952428, guid: 957edfde947a8a749bc2058b2f94e35d,
        type: 3}
      propertyPath: m_LocalRotation.y
      value: -0
      objectReference: {fileID: 0}
    - target: {fileID: 1409764560801952428, guid: 957edfde947a8a749bc2058b2f94e35d,
        type: 3}
      propertyPath: m_LocalRotation.z
      value: -0
      objectReference: {fileID: 0}
    - target: {fileID: 1409764560801952428, guid: 957edfde947a8a749bc2058b2f94e35d,
        type: 3}
      propertyPath: m_LocalRotation.w
      value: 1
      objectReference: {fileID: 0}
    - target: {fileID: 1409764560801952428, guid: 957edfde947a8a749bc2058b2f94e35d,
        type: 3}
      propertyPath: m_RootOrder
      value: 10
      objectReference: {fileID: 0}
    - target: {fileID: 1409764560801952428, guid: 957edfde947a8a749bc2058b2f94e35d,
        type: 3}
      propertyPath: m_LocalEulerAnglesHint.x
      value: 0
      objectReference: {fileID: 0}
    - target: {fileID: 1409764560801952428, guid: 957edfde947a8a749bc2058b2f94e35d,
        type: 3}
      propertyPath: m_LocalEulerAnglesHint.y
      value: 0
      objectReference: {fileID: 0}
    - target: {fileID: 1409764560801952428, guid: 957edfde947a8a749bc2058b2f94e35d,
        type: 3}
      propertyPath: m_LocalEulerAnglesHint.z
      value: 0
      objectReference: {fileID: 0}
    - target: {fileID: 2723310802300698815, guid: 957edfde947a8a749bc2058b2f94e35d,
        type: 3}
      propertyPath: m_Name
      value: EA_Assortment_Case_01b_PRE (1)
      objectReference: {fileID: 0}
    m_RemovedComponents: []
  m_SourcePrefab: {fileID: 100100000, guid: 957edfde947a8a749bc2058b2f94e35d, type: 3}
--- !u!4 &9076234397868503241 stripped
Transform:
  m_CorrespondingSourceObject: {fileID: 1409764560801952428, guid: 957edfde947a8a749bc2058b2f94e35d,
    type: 3}
  m_PrefabInstance: {fileID: 7954833031341720165}
  m_PrefabAsset: {fileID: 0}
--- !u!1001 &8428671336523198559
PrefabInstance:
  m_ObjectHideFlags: 0
  serializedVersion: 2
  m_Modification:
    m_TransformParent: {fileID: 7813707876011572042}
    m_Modifications:
    - target: {fileID: 177501850977472970, guid: d1e727ea2b1b73b49b6e8f32cba32d17,
        type: 3}
      propertyPath: m_LocalPosition.x
      value: -0.621
      objectReference: {fileID: 0}
    - target: {fileID: 177501850977472970, guid: d1e727ea2b1b73b49b6e8f32cba32d17,
        type: 3}
      propertyPath: m_LocalPosition.y
      value: 0.37934658
      objectReference: {fileID: 0}
    - target: {fileID: 177501850977472970, guid: d1e727ea2b1b73b49b6e8f32cba32d17,
        type: 3}
      propertyPath: m_LocalPosition.z
      value: 0.35510045
      objectReference: {fileID: 0}
    - target: {fileID: 177501850977472970, guid: d1e727ea2b1b73b49b6e8f32cba32d17,
        type: 3}
      propertyPath: m_LocalRotation.x
      value: -0
      objectReference: {fileID: 0}
    - target: {fileID: 177501850977472970, guid: d1e727ea2b1b73b49b6e8f32cba32d17,
        type: 3}
      propertyPath: m_LocalRotation.y
      value: -0
      objectReference: {fileID: 0}
    - target: {fileID: 177501850977472970, guid: d1e727ea2b1b73b49b6e8f32cba32d17,
        type: 3}
      propertyPath: m_LocalRotation.z
      value: -0
      objectReference: {fileID: 0}
    - target: {fileID: 177501850977472970, guid: d1e727ea2b1b73b49b6e8f32cba32d17,
        type: 3}
      propertyPath: m_LocalRotation.w
      value: 1
      objectReference: {fileID: 0}
    - target: {fileID: 177501850977472970, guid: d1e727ea2b1b73b49b6e8f32cba32d17,
        type: 3}
      propertyPath: m_RootOrder
      value: 8
      objectReference: {fileID: 0}
    - target: {fileID: 177501850977472970, guid: d1e727ea2b1b73b49b6e8f32cba32d17,
        type: 3}
      propertyPath: m_LocalEulerAnglesHint.x
      value: 0
      objectReference: {fileID: 0}
    - target: {fileID: 177501850977472970, guid: d1e727ea2b1b73b49b6e8f32cba32d17,
        type: 3}
      propertyPath: m_LocalEulerAnglesHint.y
      value: 0
      objectReference: {fileID: 0}
    - target: {fileID: 177501850977472970, guid: d1e727ea2b1b73b49b6e8f32cba32d17,
        type: 3}
      propertyPath: m_LocalEulerAnglesHint.z
      value: 0
      objectReference: {fileID: 0}
    - target: {fileID: 3759878034579678169, guid: d1e727ea2b1b73b49b6e8f32cba32d17,
        type: 3}
      propertyPath: m_Name
      value: EA_Assortment_Bottle_02e_PRE (5)
      objectReference: {fileID: 0}
    m_RemovedComponents: []
  m_SourcePrefab: {fileID: 100100000, guid: d1e727ea2b1b73b49b6e8f32cba32d17, type: 3}
--- !u!4 &8542830493199491477 stripped
Transform:
  m_CorrespondingSourceObject: {fileID: 177501850977472970, guid: d1e727ea2b1b73b49b6e8f32cba32d17,
    type: 3}
  m_PrefabInstance: {fileID: 8428671336523198559}
  m_PrefabAsset: {fileID: 0}
--- !u!1001 &9065447285877484415
PrefabInstance:
  m_ObjectHideFlags: 0
  serializedVersion: 2
  m_Modification:
    m_TransformParent: {fileID: 7813707876011572042}
    m_Modifications:
    - target: {fileID: 177501850977472970, guid: d1e727ea2b1b73b49b6e8f32cba32d17,
        type: 3}
      propertyPath: m_LocalPosition.x
      value: -0.173
      objectReference: {fileID: 0}
    - target: {fileID: 177501850977472970, guid: d1e727ea2b1b73b49b6e8f32cba32d17,
        type: 3}
      propertyPath: m_LocalPosition.y
      value: 0.37934658
      objectReference: {fileID: 0}
    - target: {fileID: 177501850977472970, guid: d1e727ea2b1b73b49b6e8f32cba32d17,
        type: 3}
      propertyPath: m_LocalPosition.z
      value: 0.35510045
      objectReference: {fileID: 0}
    - target: {fileID: 177501850977472970, guid: d1e727ea2b1b73b49b6e8f32cba32d17,
        type: 3}
      propertyPath: m_LocalRotation.x
      value: -0
      objectReference: {fileID: 0}
    - target: {fileID: 177501850977472970, guid: d1e727ea2b1b73b49b6e8f32cba32d17,
        type: 3}
      propertyPath: m_LocalRotation.y
      value: -0
      objectReference: {fileID: 0}
    - target: {fileID: 177501850977472970, guid: d1e727ea2b1b73b49b6e8f32cba32d17,
        type: 3}
      propertyPath: m_LocalRotation.z
      value: -0
      objectReference: {fileID: 0}
    - target: {fileID: 177501850977472970, guid: d1e727ea2b1b73b49b6e8f32cba32d17,
        type: 3}
      propertyPath: m_LocalRotation.w
      value: 1
      objectReference: {fileID: 0}
    - target: {fileID: 177501850977472970, guid: d1e727ea2b1b73b49b6e8f32cba32d17,
        type: 3}
      propertyPath: m_RootOrder
      value: 6
      objectReference: {fileID: 0}
    - target: {fileID: 177501850977472970, guid: d1e727ea2b1b73b49b6e8f32cba32d17,
        type: 3}
      propertyPath: m_LocalEulerAnglesHint.x
      value: 0
      objectReference: {fileID: 0}
    - target: {fileID: 177501850977472970, guid: d1e727ea2b1b73b49b6e8f32cba32d17,
        type: 3}
      propertyPath: m_LocalEulerAnglesHint.y
      value: 0
      objectReference: {fileID: 0}
    - target: {fileID: 177501850977472970, guid: d1e727ea2b1b73b49b6e8f32cba32d17,
        type: 3}
      propertyPath: m_LocalEulerAnglesHint.z
      value: 0
      objectReference: {fileID: 0}
    - target: {fileID: 3759878034579678169, guid: d1e727ea2b1b73b49b6e8f32cba32d17,
        type: 3}
      propertyPath: m_Name
      value: EA_Assortment_Bottle_02e_PRE (3)
      objectReference: {fileID: 0}
    m_RemovedComponents: []
  m_SourcePrefab: {fileID: 100100000, guid: d1e727ea2b1b73b49b6e8f32cba32d17, type: 3}
--- !u!4 &9203225378791701173 stripped
Transform:
  m_CorrespondingSourceObject: {fileID: 177501850977472970, guid: d1e727ea2b1b73b49b6e8f32cba32d17,
    type: 3}
  m_PrefabInstance: {fileID: 9065447285877484415}
  m_PrefabAsset: {fileID: 0}
